2014 2761
549 196 641 248 2'94
708 191 798 237 DE
831 183 1291 236 CIRCVLATIONE
1326 186 1665 237 SANG'VINIS

671 315 702 364 ξ.
747 327 818 353 22.
886 311 1025 356 Nullus
1058 322 1185 353 autem
1221 308 1329 351 datur
1359 321 1518 362 motus,
1570 312 1633 365 qni
1669 313 1853 356 maiorem

542 377 828 422 similitudinem
857 377 993 428 habet,
1032 386 1070 417 et
1088 377 1227 417 facilins
1250 378 1463 431 comparari
1488 376 1613 431 potest
1636 389 1725 417 cum
1749 391 1858 432 prae-

543 443 646 484 dicta
681 442 946 483 contr-afflone
978 442 1103 483 cordis
1129 451 1168 482 et
1196 441 1281 482 inde
1310 442 1495 495 produaa
1528 441 1748 496 expulsione
1778 443 1857 484 san-

542 508 663 562 guinis
689 508 747 559 (ξ.
771 513 894 559 ao),
931 520 1046 562 quam
1074 516 1202 547 motus
1230 506 1331 547 fluidi
1362 507 1460 548 intra
1486 507 1660 548 canalem
1691 507 1855 560 aliquem

543 571 604 614 seu
637 573 769 614 tubum
803 574 1000 622 contenti,
1037 572 1083 611 ab
1119 583 1275 624 Vrgente
1309 572 1471 612 embolo
1505 571 1712 626 superficiei
1743 573 1856 614 alter-

543 638 617 678 utri
649 638 835 692 applicito
866 638 905 678 in
938 646 1092 678 motum
1124 637 1319 677 concitati.
1398 636 1507 678 Nam
1544 637 1635 677 dum
1669 638 1859 679 Embolus

541 703 726 754 truditur,
761 703 947 756 capacitas
973 702 1051 742 tubi
1079 702 1262 742 contiuuo
1290 701 1494 751 minuitur,
1528 710 1567 741 et
1595 711 1740 741 tantum
1771 703 1859 742 flui-

542 768 582 809 di
618 777 725 809 extra
759 768 894 808 tubum
926 767 1072 807 ejicitur
1094 797 1104 817 ‚
1146 774 1329 820 quantum
1366 766 1406 805 in
1441 765 1560 819 spatio
1581 795 1592 815 ‚
1639 766 1739 820 quod
1771 779 1858 807 em-

544 832 654 873 bolus
708 831 839 874 sensim
883 832 1089 884 lenfimque
1131 831 1330 883 occupauit
1376 843 1420 870 ac
1463 830 1628 870 transiuit
1647 861 1658 879 ‚
1710 841 1860 885 poterat

543 897 744 938 contineri.
831 893 934 936 Cum
968 897 1083 948 igitur
1114 897 1296 947 quantitas
1332 894 1437 934 fluidi
1472 895 1617 947 expulsi
1649 895 1860 950 dependeat

543 960 702 1016 praecise
735 960 782 1000 ab
815 960 1004 1013 angustata
1037 959 1116 999 tubi
1149 959 1381 1012 capacitate:
1434 958 1589 1012 perinde
1623 962 1717 1008 erit,
1760 973 1858 1013 quo-

543 1027 813 1077 modocunque
845 1025 1026 1079 capacitas
1059 1023 1271 1071 minuatur,
1306 1022 1380 1062 siue
1412 1023 1599 1062 trudendo
1631 1023 1857 1077 embolum,

543 1090 639 1138 siue,
673 1089 903 1143 applicando
931 1089 976 1128 ad
1006 1088 1038 1127 le
1066 1088 1221 1141 propius
1250 1087 1364 1127 latera
1389 1087 1541 1127 canalis:
1576 1095 1638 1137 et,
1671 1086 1699 1127 fi
1726 1088 1859 1127 decre..

544 1163 723 1195 mentum
753 1154 916 1192 cauitatis
943 1154 1098 1206 aequale
1123 1152 1175 1191 est
1201 1153 1239 1190 in
1265 1161 1425 1205 vti-oque
1452 1151 1554 1201 casu,
1589 1150 1730 1191 eodem
1752 1162 1857 1193 tem-

542 1231 672 1274 pore3
719 1217 904 1257 volumen
938 1217 1083 1273 expulsi
1117 1216 1222 1257 fluidi
1254 1217 1396 1258 eodem
1431 1225 1608 1271 tempore
1641 1217 1757 1258 etiam
1792 1229 1856 1258 ae..

541 1283 652 1340 quale
688 1282 853 1325 futurum
889 1282 955 1324 est.

660 1416 692 1464 ξ.
719 1428 792 1465 23.
846 1414 1014 1472 Quando
1041 1414 1218 1454 embolus
1244 1415 1281 1453 in
1313 1413 1470 1454 fluidum
1501 1416 1726 1468 oppositum
1756 1416 1853 1469 agit:

542 1486 625 1520 tum
671 1479 727 1518 vis
770 1489 850 1519 tota
893 1478 1040 1519 emboli
1082 1478 1212 1531 quouis
1255 1488 1463 1518 momento
1506 1480 1681 1533 adplicita
1723 1482 1857 1533 quouis

543 1552 753 1584 momento
793 1545 931 1584 iterum
973 1541 1232 1592 consumitur,
1285 1552 1410 1583 totum
1454 1543 1557 1584 fluidi
1590 1545 1779 1585 volumen
1815 1546 1854 1586 in

542 1618 699 1650 motum
737 1609 902 1663 ciendo3
948 1617 988 1647 et
1019 1620 1095 1661 quo
1131 1616 1337 1647 momento
1371 1608 1541 1648 embolus
1575 1622 1685 1662 agere
1719 1610 1853 1662 cenat,

542 1683 670 1715 motus
698 1686 848 1728 quoque
878 1672 983 1714 fluidi
1012 1672 1107 1713 intra
1138 1671 1308 1713 canalem
1339 1673 1504 1713 contenti
1530 1673 1684 1725 sistitur,
1719 1683 1756 1714 et
1775 1675 1851 1715 sola

542 1739 606 1780 illa
642 1738 746 1779 fluidi
783 1751 894 1793 pars,
946 1750 1042 1792 quae
1084 1736 1254 1790 proiecta
1287 1737 1384 1787 fuit,
1440 1747 1596 1778 motum
1630 1739 1734 1779 suum
1768 1739 1851 1781 data

542 1803 746 1844 velocitate
782 1804 990 1844 continuat.
1088 1801 1251 1858 Quando
1294 1801 1404 1855 igitur
1440 1813 1568 1843 motus
1602 1805 1714 1844 totius
1745 1804 1851 1846 fluidi

540 1882 612 1924 per
653 1869 786 1909 datum
829 1879 978 1922 tempus
1010 1866 1142 1907 durare
1182 1866 1326 1921 debet3
1381 1867 1438 1908 vis
1470 1880 1617 1922 quoque
1649 1869 1711 1909 illa
1744 1878 1849 1921 tota,

541 1934 674 1987 quouis
707 1933 943 1987 tempusculo
964 1963 974 1983 ,
1025 1931 1098 1972 siue
1140 1931 1285 1984 integro
1328 1931 1397 1972 illo
1437 1941 1616 1987 tempore
1656 1934 1781 1975 denuo
1813 1943 1862 1975 et>

542 1998 727 2038 continuo
758 1997 947 2038 instaurari
977 2008 1020 2036 ac
1054 1997 1172 2050 repeti
1206 1997 1332 2037 debet.
1421 1995 1564 2038 Contra
1598 2011 1694 2040 vero
1726 1998 1761 2038 se
1794 2010 1851 2039 res

542 2061 656 2102 habet
687 2062 725 2101 in
759 2062 990 2115 percussione
1023 2073 1231 2116 corporum
1267 2061 1492 2114 solidorum3
1528 2062 1554 2102 fi
1580 2063 1682 2101 enim
1712 2074 1850 2115 corpus

538 2126 724 2174 solidum,
758 2130 820 2175 A,
853 2127 892 2167 vi
920 2126 1029 2174 data,
1067 2126 1105 2166 in
1135 2126 1233 2167 aliud
1261 2125 1444 2174 solidum,
1474 2123 1531 2175 B,
1562 2126 1762 2180 impingit,
1801 2126 1848 2167 il-

541 2190 641 2249 lique
679 2203 864 2245 omnem,
903 2204 979 2247 quo
1013 2190 1175 2249 polluit,
1216 2200 1372 2233 motum
1405 2192 1702 2234 communicat:
1759 2201 1848 2232 tunc

1759 2268 1850 2299 cor-
