2014 2761
444 198 529 247 138
568 190 648 234 DE
682 185 866 231 LINEA
899 177 1233 228 CELERRIMI
1267 180 1607 226 DESCENSVS

436 310 623 354 tion-ales.
695 310 828 362 Atque
855 306 934 347 hoc
963 305 1018 345 est
1054 304 1204 345 lemma
1234 302 1523 356 Hugenianmn,
1560 312 1640 354 quo
1669 299 1755 342 vsu&

437 377 681 421 Hermannus
700 374 748 415 ad
768 372 871 412 suam
895 368 1152 424 problematis
1171 367 1407 408 solutionem
1430 365 1623 420 peruenit.

567 472 604 520 §.
645 488 688 526 7.
727 477 820 533 Quo
863 482 998 516 autem
1042 472 1318 527 perspiciatur,
1354 485 1472 526 quam
1512 468 1591 514 late
1629 480 1759 526 pateat

444 543 524 585 hoc
545 543 696 584 lemma
717 551 757 581 et
778 539 914 594 quibus
932 539 973 578 in
1002 537 1145 578 casibus
1162 535 1276 590 poffit
1302 536 1505 589 adhiberi,
1540 535 1681 577 adhoc
1708 537 1763 577 est

447 607 731 649 aduertendum
749 636 760 657 ,
799 603 904 658 quod
923 603 963 642 in
983 615 1032 642 eo
1053 602 1239 656 ponitur,
1273 601 1469 641 elementa
1499 601 1636 642 omnia
1663 601 1762 644 infra
1819 591 1826 595 ‚

448 673 599 714 restam
632 671 662 712 F
675 667 714 711 G
743 669 866 710 sumta
893 667 1034 708 eadem
1065 665 1265 706 celeritate
1293 678 1317 706 n
1345 665 1506 706 absolui.
1574 667 1764 723 Quamo-

449 738 563 778 brem
579 767 590 786 ,
629 735 698 775 nisi
716 746 858 787 corpus
877 732 916 771 in
937 731 1045 772 hisce
1072 729 1258 770 omnibus
1285 730 1516 782 elementis,
1553 731 1699 785 punc‘to
1719 731 1764 773 M

449 801 672 854 Vbicunque
707 795 903 848 assumto,
938 795 1106 836 eandem
1136 793 1347 835 habuerint
1383 793 1655 846 celeritatem,
1689 795 1766 836 hoc

451 865 605 907 lemma
635 875 843 917 perperam
873 860 1102 911 adhibetur,
1142 868 1254 912 atque
1282 859 1323 899 in
1352 871 1560 900 erroneam
1599 859 1769 900 solutio-

454 943 550 972 nem
588 927 788 968 inciditur.
858 925 1007 965 Euenit
1043 934 1176 964 autem
1216 921 1292 963 hoc
1329 923 1368 962 in
1408 923 1543 963 medio
1593 924 1767 964 resistenae

455 1003 522 1045 te,
555 1003 669 1046 atque
689 993 743 1031 ita
773 990 828 1031 est
853 988 1023 1040 factum,
1058 997 1102 1028 vt
1148 985 1230 1028 Cel.
1262 987 1526 1039 Hermanmts,
1563 988 1767 1042 postquam

457 1057 537 1099 hoc
559 1057 751 1097 lemmate
770 1055 811 1094 in
832 1053 1075 1094 inueniendis
1095 1051 1461 1102 brachystochronis
1489 1052 1527 1092 in
1560 1065 1683 1093 vacuo
1711 1053 1771 1092 fe·-

455 1121 587 1163 liciter
606 1120 699 1161 effer
721 1117 804 1159 vsus
818 1149 829 1169 ,
868 1130 941 1172 pro
963 1117 1107 1158 mediis
1141 1115 1397 1159 resistentibus
1415 1117 1767 1159 eodemlemmate

461 1199 484 1227 a
513 1185 622 1229 recta
645 1185 708 1227 via
729 1183 842 1226 suerit
860 1181 1046 1223 seduc‘tUS.

580 1293 614 1344 ξ.
655 1294 691 1331 8.
713 1288 762 1332 In
794 1302 921 1332 vacuo
941 1297 1073 1331 tamen
1092 1286 1215 1330 etiam
1237 1301 1296 1330 res
1316 1288 1369 1329 ita
1389 1286 1442 1330 est
1461 1287 1691 1330 instituenda
1704 1321 1716 1342 ,
1736 1297 1781 1331 vt

465 1356 571 1401 recia
601 1354 673 1399 FG
703 1357 750 1397 ad
774 1356 1037 1397 directionem
1068 1355 1269 1406 potentiae
1296 1353 1537 1392 sollicitantis
1564 1353 1708 1406 vbique
1736 1355 1780 1397 fit

467 1422 675 1464 normalis.
752 1420 860 1458 Tum
898 1418 1005 1456 enim
1038 1417 1076 1456 id
1092 1446 1104 1465 ,
1138 1416 1244 1467 quod
1281 1415 1491 1468 requiritur
1505 1447 1515 1467 ,
1552 1417 1780 1471 obtinetur,

467 1495 508 1527 et
528 1495 670 1539 corpus
691 1495 744 1523 ex
763 1482 797 1522 L
816 1481 865 1522 ad
885 1481 1067 1534 quodque
1087 1479 1214 1520 restae
1235 1475 1313 1519 FG
1335 1479 1523 1532 punc‘tum
1546 1479 1781 1522 descendens

468 1550 578 1592 idem
608 1548 762 1601 semper
781 1546 947 1601 acquirit
973 1544 1184 1584 celeritatis
1210 1543 1524 1596 incrementum,
1561 1545 1614 1585 ita
1648 1557 1690 1585 vt
1707 1546 1782 1586 sm-

471 1614 563 1669 gula
582 1613 780 1653 elementa
812 1611 912 1650 intra
932 1604 1013 1650 FG
1035 1608 1100 1648 sita
1128 1607 1279 1661 aequali
1309 1608 1509 1648 celeritate
1549 1622 1782 1662 percurran-

473 1689 551 1720 tur.
585 1676 715 1718 Curua
738 1677 856 1729 igitur
876 1674 939 1714 his
959 1674 997 1713 in
1019 1672 1176 1723 casibus,
1197 1671 1342 1712 scilicet
1369 1673 1409 1712 in
1430 1685 1575 1724 vacuo,
1597 1676 1672 1714 erit
1691 1676 1782 1716 bra-

472 1741 776 1794 chystochrona‚
809 1739 835 1780 fi
853 1738 1033 1779 celeritas
1051 1737 1229 1790 corporis
1247 1737 1286 1776 in
1306 1738 1444 1790 quouis
1464 1737 1667 1779 elemento
1687 1753 1786 1793 pro-

474 1805 713 1863 portionalis
732 1804 845 1846 fuerit
872 1802 968 1844 finui
989 1801 1144 1854 anguli,
1178 1813 1295 1855 quem
1316 1801 1392 1841 hoc
1421 1802 1663 1844 elementum
1691 1818 1784 1845 cum

476 1870 699 1914 dired'tione
720 1869 922 1924 potentiae
952 1865 1194 1906 sollicitantis
1230 1866 1441 1906 constituit.
1509 1867 1786 1923 Quamobrem

479 1948 558 1989 ope
578 1934 693 1975 huius
713 1933 869 1987 regulae
889 1930 1053 1972 inueniri
1074 1931 1220 1983 poterit
1237 1938 1360 1972 curua·
1373 1931 1572 1974 celerrimi
1593 1932 1786 1974 descensus

481 2000 524 2040 in
548 2011 697 2051 vacuo,
731 2008 1003 2052 quaecunquae
1025 1994 1141 2035 fuerit
1158 1998 1358 2050 potentiae
1379 1995 1620 2037 sollicitantis
1638 1997 1719 2037 lex.

601 2103 635 2151 ξ.
673 2115 717 2151 9.
738 2101 805 2142 Ex
825 2099 886 2141 his
911 2100 991 2140 iam
1020 2100 1104 2141 satis
1123 2103 1350 2157 perspicitur
1370 2104 1499 2143 datam
1527 2101 1702 2155 regulam
1722 2101 1788 2142 in-

483 2166 702 2210 ueniendae
737 2163 1121 2220 brachystochronae
1148 2168 1198 2211 ad
1216 2168 1397 2211 medium
1426 2166 1596 2213 resistens
1624 2179 1788 2207 accom-

1630 2231 1792 2275 modari
