2014 2761
474 160 565 199 242
683 141 770 187 DE
808 136 1267 187 MVTATIONIBVS
1301 136 1554 188 CALORIS

595 262 656 306 D.
696 267 736 304 8.
772 263 885 306 Maii.
926 263 964 303 T
967 261 1094 304 herm.
1123 263 1163 303 in
1189 274 1275 303 aere
1301 263 1430 318 quieto
1460 276 1570 316 132.
1602 263 1642 305 in
1667 264 1788 310 libero

477 342 536 383 gr.
571 342 675 382 133.
710 331 749 370 in
782 343 875 384 aqna
905 341 965 383 gr.
1002 331 1107 378 148,

671 405 839 447 Meridie
868 405 907 444 in
934 415 1021 445 aere
1048 403 1177 458 quieto
1208 417 1265 457 gr.
1293 415 1399 454 125.
1434 404 1473 444 in
1500 403 1577 446 sole
1603 417 1662 459 gr.
1691 415 1797 456 117.r

478 471 518 511 in
552 484 642 524 aqna
678 483 733 524 gr.
771 473 876 522 148.
945 469 1160 510 Pomeridie
1201 470 1239 509 in
1285 469 1360 510 sole
1392 482 1452 523 gr.
1487 482 1593 521 123.
1646 468 1708 512 sed
1739 469 1798 512 sol

475 544 687 591 transparet
719 549 788 589 per
820 547 956 576 aerem».
986 532 1207 575 nebulosum
1243 533 1282 573 in
1314 547 1409 588 aqua
1440 547 1496 588 gr.
1537 538 1645 587 1480

671 612 782 653 Dum
803 612 939 662 miror,
972 623 1084 665 quare
1112 623 1229 664 aquae
1257 610 1363 651 calor
1390 609 1597 663 decrescat,
1631 622 1720 652 cum
1740 619 1797 652 ta-

481 691 575 721 men
608 690 672 719 aer
702 678 748 719 fit
780 676 967 731 placidus,
1007 674 1246 729 tranquillus,
1285 674 1423 714 calidus
1456 674 1533 716 sine
1567 677 1679 716 omni
1714 689 1800 716 cru-

481 744 621 792 ditate,
658 752 793 782 ventus
823 741 917 782 lenis
949 738 1067 780 SW‚
1103 748 1142 779 et
1169 739 1215 779 in
1241 738 1404 779 caussam
1435 739 1607 794 inquiro:
1643 739 1798 781 obseruo

481 808 707 850 destrueram
744 806 817 847 effe
849 804 1123 847 machinulam.

675 872 881 926 Postquam
909 870 982 913 alia
1007 877 1138 926 parata.
1165 867 1265 913 suita.
1293 867 1392 911 redii
1413 868 1462 910 ad
1485 867 1642 911 labores·
1664 881 1776 913 meos
1787 899 1807 922 9.

485 946 524 979 et
552 949 680 978 mueni.

602 1033 659 1076 D.
692 1046 734 1084 7.
758 1032 871 1074 Iunii.
906 1032 1082 1075 Therm..
1101 1033 1141 1073 in
1166 1043 1251 1074 aere
1278 1030 1431 1087 aprico,
1468 1020 1624 1073 nubibus
1650 1031 1799 1086 sparsis,

484 1109 603 1142 vento
621 1100 710 1141 forti
729 1099 772 1141 N
791 1099 851 1140 Οο,
875 1098 1018 1141 humili
1045 1111 1163 1153 aqua„
1201 1111 1258 1152 gr.
1276 1111 1292 1137 1
1307 1109 1385 1149 15„.
1413 1097 1452 1139 in
1471 1110 1565 1152 aqua
1583 1110 1640 1151 gr.
1659 1109 1676 1135 1
1689 1094 1795 1155 272}-

601 1208 658 1252 D.
683 1213 723 1250 8.
745 1207 844 1249 Iunii
857 1240 878 1259 a*
903 1206 1101 1249 nebulosae
1129 1207 1249 1247 nubes
1273 1206 1517 1260 tranquillae,
1550 1205 1648 1246 hora
1666 1205 1802 1247 Odiana

486 1275 523 1317 T
526 1274 653 1316 herm.
687 1275 727 1315 in
763 1287 851 1315 aere
880 1274 1019 1328 quieto
1047 1281 1180 1326 aperto
1212 1285 1269 1325 gr.
1308 1285 1410 1324 129⁴⁷
1452 1272 1491 1313 in
1524 1270 1600 1312 sole
1633 1280 1804 1326 transpa-

485 1350 589 1382 rente
623 1340 806 1380 continno
839 1352 914 1394 pet‘
940 1337 1173 1380 semihoram
1202 1350 1256 1390 gr.
1286 1350 1391 1388 109.
1425 1337 1464 1377 in
1493 1349 1586 1390 aqua
1621 1337 1759 1395 1282}

679 1414 768 1454 Post
789 1414 993 1453 meridiem
1005 1442 1023 1460 2,
1052 1411 1149 1451 hora
1168 1411 1319 1452 secunda
1331 1439 1347 1453 ‚-
1378 1410 1524 1450 Ventus
1543 1411 1711 1463 aliqualis
1726 1410 1803 1459 W,

488 1479 601 1521 coelo
629 1477 859 1527 clarificato,
893 1477 932 1516 T
935 1476 1061 1516 herm.
1097 1476 1135 1514 in
1169 1488 1252 1515 aere
1284 1475 1412 1528 quieto
1445 1487 1501 1528 gr.
1529 1478 1634 1515 108.
1669 1475 1708 1514 in
1730 1474 1804 1515 sole

488 1557 556 1598 per
587 1543 663 1583 duo
697 1543 844 1583 minuta
873 1553 930 1594 gr.
959 1553 1043 1590 103
1062 1571 1072 1590 ,
1106 1540 1144 1579 in
1182 1553 1265 1580 acre
1300 1536 1423 1580 vento
1455 1538 1586 1593 expos.
1622 1539 1698 1582 fine
1727 1539 1804 1580 sole

489 1622 556 1664 per
588 1609 657 1648 tria
694 1616 841 1648 mlnuta
874 1618 931 1658 gr.
967 1608 1066 1645 118.
1105 1605 1143 1644 in
1180 1618 1273 1658 aqna
1307 1617 1365 1658 gr.
1401 1608 1503 1643 128.

686 1680 775 1721 Post
808 1679 1007 1729 occasum,
1044 1678 1246 1719 horizonte
1279 1677 1555 1733 septentrionali
1589 1678 1701 1718 valde
1735 1690 1804 1717 nu-

490 1745 593 1797 bi10‚
629 1745 795 1786 Therm.
828 1745 868 1785 in
896 1756 981 1785 aere
1011 1744 1144 1798 aprico
1170 1757 1227 1797 gr.
1255 1748 1358 1784 128.
1398 1743 1435 1783 in
1465 1756 1556 1797 aqna
1585 1756 1639 1796 gr.
1668 1743 1802 1799 123¹?

613 1854 669 1895 D.
711 1869 753 1905 9.
788 1853 901 1895 Iunii.
945 1853 1039 1893 hora
1073 1853 1207 1894 oenum
1230 1886 1239 1903 ‚
1282 1853 1413 1893 Vento
1446 1851 1538 1894 SO.
1575 1850 1702 1893 Coelo
1734 1864 1805 1891 nu·

492 1918 592 1968 bilo,
630 1920 667 1958 T
671 1919 797 1959 herm.
834 1920 873 1958 in
907 1931 991 1960 aere
1025 1919 1151 1970 quieto
1183 1932 1240 1972 gr.
1282 1931 1386 1959 121.
1425 1920 1463 1959 in
1498 1917 1573 1959 sole
1606 1932 1661 1971 gr.
1699 1929 1797 1958 120.

493 1985 532 2026 in
566 1997 658 2037 aqua
692 1997 746 2037 gr,
782 1985 915 2040 1285.

686 2058 876 2109 Meridie,
912 2058 1081 2099 ventnlns
1109 2057 1133 2099 S
1151 2058 1224 2099 W.
1248 2058 1440 2112 plnniola,
1474 2059 1640 2100 Therm.
1664 2056 1702 2096 in
1722 2066 1805 2094 acre

497 2121 615 2164 libero
649 2135 705 2178 gr.
741 2123 875 2181 1203.
910 2123 950 2163 in
983 2137 1076 2178 aqua
1109 2137 1164 2178 gr.
1199 2129 1304 2165 128.

1655 2186 1802 2226 Pome-
