2014 2761
487 179 574 227 238
699 171 787 218 DE
823 167 925 217 MV
925 167 1278 220 TATIONIBVS
1316 166 1563 219 CALORIS

670 290 760 335 Sole
786 294 940 345 medio,
973 294 1087 335 fieren.
1110 293 1461 335 Thermometrum
1490 293 1530 333 in
1558 303 1642 332 aere
1665 293 1790 346 quieto

483 357 622 399 indicat
653 371 709 412 gr.
752 361 884 416 155}
920 368 1040 399 vento
1072 357 1201 414 expos.
1239 357 1314 399 W.
1360 357 1546 399 mediocri
1588 369 1644 410 gr.
1687 367 1788 405 170.

483 435 599 478 aquae
631 422 801 463 immerss
838 436 896 476 gr.
940 436 1042 474 152.

671 495 837 549 Vespera
855 495 978 537 serena
991 528 1001 547 ,
1023 509 1085 537 aer
1103 496 1263 550 quletus,
1286 494 1633 537 Thermometrum
1655 494 1693 535 in
1711 506 1795 535 aere

479 562 608 616 quieto
639 574 697 616 gr.
740 572 845 613 170.
879 562 918 603 in
951 561 1072 604 libero
1104 574 1161 615 gr.
1204 572 1311 612 173.
1347 561 1386 601 in
1419 573 1512 615 aqua
1548 573 1605 614 gr.
1646 571 1748 610 152.

596 670 653 712 D.
689 685 760 712 11.
791 670 899 711 Febr.
939 670 1056 712 Mane
1094 666 1262 710 Coelum
1294 670 1489 718 nubilum,
1523 668 1792 710 Thermome-

480 745 582 778 trum
612 738 650 776 in
679 748 766 776 aere
796 736 923 788 quieto
955 749 1011 789 gr.
1032 737 1136 774 168.
1172 735 1211 773 in
1241 734 1365 774 libero
1397 738 1451 773 16
1460 735 1540 789 δὲ,
1574 744 1692 774 vento
1722 746 1793 776 ex-

481 802 644 857 positum
681 814 735 854 gr.
780 811 883 849 170.
919 813 1034 853 aquae
1067 799 1236 838 immers.
1274 811 1330 851 gr.
1369 810 1471 848 152.

674 873 858 923 Meridie⁷
892 872 945 912 sol
978 874 1047 913 vix
1080 881 1264 926 penetrat,
1298 871 1449 911 subinde
1483 872 1630 922 nubila,
1665 881 1796 914 ventus

481 939 533 980 O.
555 939 685 991 fortis·⁷
721 937 888 977 Therm.
924 937 962 976 in
999 949 1082 976 aere
1115 937 1242 989 quieto
1281 940 1381 976 162.
1416 945 1536 975 vento
1571 937 1703 989 expos.
1726 949 1794 990 per

479 1002 713 1045 semihoram
747 1014 804 1055 gr.
834 1005 936 1050 165.
974 1002 1011 1041 in
1047 1013 1138 1054 aqua
1172 1013 1225 1053 gr.
1256 1012 1358 1048 152.
1428 1000 1584 1054 Vesperi
1613 1013 1689 1040 non
1719 1001 1792 1041 ob-

476 1068 636 1116 ser-uani,
671 1075 749 1106 erat
783 1076 908 1106 autem
944 1066 1055 1118 frigus
1087 1075 1293 1119 ventusque
1326 1063 1554 1105 vehemens.

598 1173 653 1215 D.
682 1187 751 1212 12.
777 1173 887 1213 Febr.
924 1173 1059 1214 Mane.
1114 1174 1255 1214 Ventus
1292 1173 1397 1214 ΝΟ.
1436 1185 1584 1226 paucus.
1623 1171 1791 1213 Therm.

477 1240 517 1281 in
558 1251 646 1279 aere
680 1239 810 1292 quieto
843 1251 900 1291 gr.
941 1242 995 1278 16
1006 1241 1045 1278 8.
1100 1239 1139 1278 in
1172 1237 1292 1278 libero
1326 1251 1382 1291 gr.
1424 1247 1527 1286 170.
1584 1237 1622 1277 in
1655 1249 1791 1292 aquam

483 1303 653 1346 immers.
690 1316 748 1357 gr.
788 1314 891 1354 152.

677 1379 864 1429 Meridie,
902 1379 940 1418 in
973 1390 1058 1418 aere
1091 1378 1218 1432 quieto
1253 1378 1418 1418 Ther-m.
1450 1392 1505 1431 gr.
1545 1383 1649 1418 166.
1678 1379 1716 1418 in
1744 1378 1794 1419 li-

487 1446 582 1485 bero
616 1456 672 1497 gr.
706 1447 807 1491 167.
845 1443 884 1481 in
917 1455 1010 1495 aqua
1046 1454 1102 1494 gr.
1137 1453 1239 1491 152.

675 1514 808 1558 Noste
851 1514 945 1555 hora
989 1527 1088 1555 noua
1121 1524 1159 1554 et
1191 1513 1339 1554 decima
1372 1522 1453 1553 erat
1488 1512 1670 1555 Mercurii
1704 1514 1793 1555 alti-

481 1580 576 1623 tudo
610 1581 649 1620 in
682 1591 766 1621 aere
799 1580 927 1633 quieto
966 1590 1069 1629 170.
1108 1580 1146 1619 in
1181 1579 1302 1618 libero
1344 1589 1448 1629 173.
1486 1578 1524 1618 in
1556 1592 1646 1633 aqua
1686 1592 1789 1630 152.

484 1644 652 1687 Coelum
685 1644 879 1695 serenum,
913 1644 979 1684 lux
1011 1644 1169 1683 borealis
1203 1655 1356 1696 magna.

603 1755 659 1796 D.
707 1768 780 1804 13.
816 1754 926 1794 Febr.
982 1753 1103 1794 Mane
1135 1752 1236 1806 spiffii
1271 1752 1324 1791 est
1357 1752 1511 1802 nebula,
1547 1752 1787 1794 Thermom.

484 1822 524 1862 in
561 1833 645 1861 aere
680 1820 808 1873 quieto
844 1832 899 1872 gr.
943 1823 1056 1868 180,
1090 1819 1127 1857 in
1164 1826 1294 1870 aperto
1326 1830 1383 1869 gr.
1420 1821 1522 1857 181.
1558 1819 1644 1872 post
1678 1817 1792 1859 lemi-

485 1885 623 1927 horam
658 1894 785 1925 autem
827 1897 926 1934 179.
963 1884 1002 1923 in
1035 1894 1126 1936 aqua
1160 1891 1286 1922 autem
1318 1894 1377 1934 gr.
1421 1894 1522 1933 152.

677 1960 842 2002 Meridie
874 1959 1026 2000 disiee'ta
1070 1958 1201 1999 nebula
1245 1959 1462 1999 maximam
1497 1969 1683 2013 partem,
1738 1958 1792 1998 sol

484 2034 714 2079 transparet3
771 2025 1118 2065 Thermometrum
1162 2025 1199 2064 in
1242 2036 1328 2063 acre
1361 2025 1487 2076 quieto
1519 2037 1575 2077 gr.
1614 2037 1715 2073 154.
1752 2023 1790 2061 in

485 2090 608 2131 libero
641 2102 698 2143 gr.
742 2100 844 2141 155.
889 2099 1007 2130 vento
1049 2088 1178 2144 expos.
1216 2100 1272 2143 gr.
1318 2098 1420 2139 157.
1464 2100 1577 2142 aquae
1617 2087 1790 2128 immers.

487 2168 545 2210 gr.
587 2169 605 2196 1
620 2167 640 2208 5
654 2167 693 2196 2.

1636 2231 1796 2288 Vesperi
