2014 2761
196 164 612 216 ETACTIONEM
632 163 738 213 MV
738 160 852 215 SCV
853 164 993 214 LORI
1002 167 1066 214 'M
1086 165 1296 215 FRONT
1306 169 1387 220 &a
1412 184 1434 224 3
1445 182 1504 224 37

313 294 371 333 X.
428 292 510 332 Vix
541 290 637 333 vllus
680 290 771 333 alius
812 290 996 332 musculus
1031 285 1119 332 'tam
1153 293 1272 332 varias
1313 293 1510 334 diuisiones
1536 297 1638 336 Figura
1661 307 1688 328 2-

192 357 312 412 passus
346 357 399 397 est
431 367 540 410 atque
573 355 760 398 Musculus
790 353 1031 398 Orhiculm'is
1058 357 1372 412 palpebrarmn3
1417 371 1510 412 quae

193 435 330 462 omnes
359 422 474 462 etiam
509 434 557 461 eo
589 422 713 468 minus
746 422 840 461 inter
874 420 906 462 ie
943 424 1196 472 concordant,
1230 425 1314 477 quia
1347 436 1419 477 pro
1452 423 1510 465 lu-

193 487 272 527 bitu
306 487 578 527 tantummodo
604 488 783 526 assumtae
810 486 915 526 nullo
943 486 1061 526 stabili
1099 487 1348 528 fundamento
1382 489 1509 528 nitun-

190 559 263 592 tur.
331 549 470 604 Sequar
502 560 631 590 tamen
659 551 698 590 in
728 550 910 590 examine
937 551 1100 592 ordinem
1126 552 1358 596 Winslowii.
1423 552 1509 594 Hu-

189 617 245 657 ius
278 615 429 669 quidem
466 615 621 655 musculi
656 616 785 669 portio
817 616 948 670 prima
982 615 1055 663 (lit.
1077 619 1161 667 ιω,
1207 618 1264 658 seu
1300 618 1505 670 fibrarum,

191 693 285 735 quae
301 693 415 734 quam
435 679 651 734 longissime
671 693 693 720 a
713 680 902 734 palpebris
920 680 1070 731 distant,
1091 685 1178 722 orem
1196 684 1359 723 extimus
1377 684 1508 724 omni-

188 758 242 786 no
275 746 372 786 circa
404 745 585 786 canthum
619 755 819 786 externum
855 746 892 785 in
927 746 1060 786 orbem
1096 748 1230 798 fertur,
1267 749 1507 801 etqucmad-

191 811 358 851 modum
384 811 422 850 in
451 809 650 853 Santorino
684 818 722 849 et
759 808 953 850 Wzlthero
982 811 1185 852 delineatus
1212 812 1289 865 est,
1325 812 1431 867 super
1464 826 1508 855 os

188 876 341 925 malae,
380 876 517 915 eadem
551 874 627 914 fere
660 874 856 915 latitudine
887 875 1116 929 reflechtnr,
1161 886 1271 930 atque
1306 890 1421 932 vsque
1459 879 1508 919 ad

186 938 425 992 ligamentum
460 937 592 980 villare
625 938 765 990 (lit.e.)
799 939 972 988 dicium,
1006 940 1209 981 marciatis
1244 941 1348 981 fibris
1381 942 1509 983 ascen-

186 1003 255 1043 dit.
339 1002 414 1043 Hic
451 1004 549 1044 ordo
582 1005 620 1044 in
654 1005 783 1045 media
822 1004 946 1045 malae
979 1006 1137 1058 regione
1173 1018 1243 1059 per
1275 1003 1507 1061 acccflbrimn

185 1067 366 1112 lacertum
395 1069 645 1122 nigricantem
666 1070 793 1124 (quem
816 1069 1028 1125 inferiorem
1048 1071 1184 1110 dixero
1204 1071 1343 1122 (liuh.)
1358 1077 1394 1124 ‚)
1418 1084 1507 1113 cor-

184 1133 405 1184 roboratur,
440 1134 541 1174 cuius
561 1143 660 1189 pars
686 1147 776 1176 cum
806 1135 1036 1188 pyramidali
1063 1135 1209 1177 narium
1241 1135 1362 1187 (liele)
1390 1149 1508 1177 com-

186 1199 296 1239 missa
337 1198 589 1252 ligamentum
624 1199 865 1254 superscandit
899 1211 938 1241 et
971 1213 1059 1241 cum
1094 1200 1313 1241 frontalibus
1347 1199 1427 1249 (lit.
1450 1202 1506 1253 i.)

184 1263 484 1304 descendentibus
516 1264 780 1314 confunditur,
811 1271 908 1317 pars
942 1276 1071 1306 autem
1095 1261 1170 1317 snb
1201 1265 1405 1319 ligamento
1437 1265 1507 1306 ab-

184 1328 374 1369 sconditur
406 1338 444 1368 et
480 1329 518 1368 in
551 1330 687 1370 vicinia
722 1330 958 1370 terminatur.
1057 1330 1174 1386 Quod
1208 1343 1305 1370 vero
1339 1329 1505 1386 incefflcm

184 1401 223 1431 et
254 1394 516 1434 connexionem
559 1393 741 1433 fibrarum
785 1393 896 1433 huius
929 1394 1071 1433 ordinis
1104 1395 1141 1433 in
1173 1393 1373 1444 elatissima
1405 1396 1507 1436 orbi-

183 1463 250 1498 tae
278 1456 369 1514 sede
411 1458 571 1497 attinet:
626 1469 730 1497 meas
762 1457 916 1510 quidem
955 1458 1228 1498 obseruationes
1259 1471 1379 1512 neque
1415 1473 1505 1500 cum

187 1520 386 1564 Santorino
415 1534 534 1576 neque
563 1534 653 1563 cum
686 1521 745 1562 W
744 1520 913 1563 inslo-wio
942 1522 1144 1562 conuenire
1173 1523 1354 1577 intelligo.
1409 1524 1506 1566 Non

188 1599 275 1626 cum
304 1587 526 1637 Santorino,
562 1588 624 1641 qui
653 1585 750 1629 hunc
776 1587 939 1628 ordinem
965 1589 1006 1628 in
1033 1585 1177 1629 Tabula
1191 1584 1268 1642 sua
1296 1589 1352 1630 lit.
1373 1586 1422 1629 C.
1455 1590 1507 1630 ita

185 1652 330 1704 pingit,
367 1653 464 1705 quasi
479 1649 610 1706 sichter
619 1650 826 1708 fifontalem
846 1652 1105 1693 lubduceretur
1118 1684 1129 1704 ,
1166 1663 1275 1706 atque
1296 1654 1345 1692 ita
1367 1653 1506 1693 descri-

186 1714 243 1754 bit
271 1717 302 1765 ξ.
334 1714 410 1755 VI.
445 1717 544 1771 quasi
575 1726 764 1757 tumentes
794 1718 1047 1770 corrugatoris
1068 1712 1347 1771 ficperciliormn
1383 1718 1505 1758 lacer-

186 1780 254 1819 tuli
291 1792 341 1819 ex
373 1779 442 1819 illo
474 1791 825 1835 componerentur:
883 1795 961 1822 non
1005 1794 1093 1822 cum
1131 1781 1190 1822 W
1190 1781 1387 1823 inslowioz
1440 1783 1505 1837 qui

185 1842 256 1886 hoc
287 1844 425 1884 eodem
460 1846 587 1886 ordine
619 1846 828 1887 musculum
851 1846 1060 1902 frontalem
1093 1849 1208 1900 tegit,
1244 1847 1419 1888 ordinem
1438 1862 1504 1888 au-

186 1918 267 1949 tem
290 1905 491 1963 fhenndmn
523 1910 618 1950 inter
650 1921 935 1964 corrugatorem
972 1921 1009 1952 et
1041 1912 1242 1952 frontalem
1277 1912 1405 1967 locat3
1439 1913 1503 1967 qui

185 1974 341 2027 quidem
364 1975 465 2028 situs
499 1973 765 2016 Santoriniano
808 1976 920 2029 plane
964 1979 1175 2018 contrarius
1213 1977 1265 2017 est
1301 1987 1409 2031 atque
1444 1978 1501 2018 in‘

187 2038 320 2078 uerius.
391 2037 602 2090 Videlicet,
638 2040 702 2080 vbi
730 2040 816 2080 ordo
839 2043 985 2095 primns
1015 2043 1054 2082 in
1082 2043 1189 2083 dicto
1216 2042 1309 2082 loco
1338 2043 1383 2083 ad
1412 2055 1502 2083 mu-

185 2102 271 2143 sculi
293 2101 478 2157 fronfalls
507 2104 618 2145 fibras
646 2105 837 2159 peruenit,
873 2106 949 2147 eius
969 2108 1176 2162 progreffus
1197 2108 1348 2162 quidem
1369 2108 1500 2147 omni-

189 2179 242 2208 no
285 2169 544 2227 interrumpi,
598 2183 718 2227 neque
751 2171 797 2212 ad
831 2172 1015 2224 angulum
1057 2175 1248 2217 internum
1290 2171 1499 2213 continuari

802 2237 848 2279 X
864 2248 893 2280 x
927 2251 952 2278 2
1333 2236 1492 2277 indetur⁴
