2014 2761
455 172 541 219 DE
574 169 660 219 NV
661 170 851 220 MERIS
883 172 1215 222 PERFECTIS:
1471 196 1498 230 9

193 303 300 344 147.
339 293 442 335 reete
476 295 652 349 explicat
693 306 870 337 mentem
916 296 1117 348 Euclidis,
1162 297 1413 351 adiungitque
1456 302 1502 338 ad

188 357 334 398 finem:
369 358 430 400 Or
462 373 502 399 ce
534 362 596 414 qui
632 372 719 401 nous
770 374 797 400 a
833 360 866 401 le
894 361 980 415 plus
1013 362 1132 403 induit
1165 368 1191 402 a
1222 358 1407 416 eiffeigner
1449 363 1498 415 iq«,

180 427 282 466 ,cette
302 422 424 479 sagon
458 423 503 462 de
537 423 730 475 cognoistre
763 422 813 465 &-
845 431 998 465 trouver
1031 426 1085 466 les
1111 426 1278 467 nombres
1302 426 1504 484 parsaits‚

189 497 216 525 a
246 486 337 541 ξβὲ,
369 497 437 537 que
466 482 671 536 plzffiemu,
704 482 881 532 ignorans
913 483 1016 534 quels
1033 483 1120 534 fimt
1151 489 1205 529 les
1236 492 1312 531 dits
1340 491 1507 531 nomm-es

181 547 381 604 parfaits,
415 557 459 586 en
485 549 668 600 prennent
699 543 884 598 beaucoup
899 575 909 595 ,
945 539 1007 598 qu'
1036 545 1086 586 ils
1116 545 1278 601 estiment
1311 553 1382 591 tels
1395 583 1406 603 ‚
1445 556 1507 606 qui

188 624 233 652 ne
264 611 297 652 le
317 607 407 666 sont
432 617 509 665 pas
536 614 741 664 pourtant,
776 606 827 655 ἐφ’
861 615 965 648 entre
997 621 1090 650 ceux
1123 609 1163 650 la*
1191 623 1237 651 un
1264 616 1409 655 certain
1443 614 1509 656 hi«

188 675 316 724 llorien
349 676 394 716 de
434 687 475 715 ce
494 672 609 729 fiecle
622 704 633 725 ,
674 673 756 714 bien
788 684 856 727 que
889 672 991 714 doae
1024 675 1065 715 ἐς
1097 673 1244 726 lettres,
1278 674 1326 731 se
1358 691 1437 719 mon
1466 692 1508 721 re

187 747 306 782 toutes
328 739 411 797 fois
443 740 615 792 ignorant
645 748 691 778 etz
710 736 1011 792 Arithmetique,
1053 738 1124 779 vest
1151 734 1213 793 qu’
1230 739 1263 781 il
1275 742 1394 797 cstz‘me
1419 760 1437 785 1
1450 756 1505 785 20

189 805 270 846 &tre
309 816 355 844 un
394 803 540 844 nombre
576 802 745 859 parfait.
816 802 864 842 In
906 803 997 857 ipsas
1040 815 1137 843 vero
1178 804 1510 848 Recreationibus

190 867 325 910 Probl.
348 867 490 910 LXX.
529 868 563 917 §.
590 883 634 919 4.
671 864 869 919 affetum,
905 868 954 908 ab
979 880 997 906 1
1022 880 1143 922 vsque
1162 869 1210 909 ad
1233 881 1505 922 40000000,

190 945 272 974 non
305 933 500 973 contineri
521 932 589 973 nisi
607 932 756 987 septem
778 931 995 986 perfectos,
1029 945 1177 987 nempe
1212 937 1243 973 6
1257 965 1268 987 ,
1291 938 1345 974 28
1364 967 1375 989 ,
1396 940 1507 990 496,

195 1001 344 1049 8128,
390 1001 599 1048 130816,
642 1001 884 1050 2096128,
926 1001 1209 1051 33550336‚
1254 1013 1353 1054 quae
1393 999 1509 1041 series

180 1062 292 1116 ⁸duos
325 1061 460 1114 falsos,
499 1074 645 1119 nempe
671 1066 877 1115 130816‚
912 1073 952 1103 et
984 1066 1223 1116 2096128,
1262 1065 1510 1121 interpositos

193 1135 324 1178 tenet,
357 1127 416 1167 vti
450 1139 551 1169 mox
583 1127 828 1173 ostendetur.
894 1127 1049 1174 Falsum
1083 1140 1240 1182 quoque
1261 1130 1383 1170 etiam
1405 1129 1509 1182 effe,

192 1190 295 1243 quod
329 1203 468 1234 omnes
502 1191 665 1246 perfecti
699 1192 924 1234 alternatim
972 1194 1121 1246 digitos
1155 1196 1185 1232 6
1218 1203 1258 1234 et
1298 1197 1319 1233 8
1359 1195 1399 1234 in
1432 1192 1510 1234 fine

192 1265 372 1299 annexos
404 1253 596 1303 habeant,
635 1256 729 1300 infra
762 1257 966 1312 apparebit
998 1270 1050 1300 ex
1082 1270 1274 1298 verorum
1310 1257 1510 1315 perfesto-

191 1327 284 1358 gum
319 1313 483 1355 Tabula.

314 1437 419 1481 Cum
454 1440 571 1493 igitur
603 1449 693 1480 ante
727 1440 954 1495 complures
986 1454 1110 1482 annos
1131 1446 1357 1498 acceperim
1378 1447 1511 1501 priua-

193 1507 271 1547 tim
306 1506 327 1545 ἐι
361 1505 476 1545 beate
508 1504 609 1558 apud
643 1517 716 1546 nos
747 1504 934 1547 defuncto
970 1507 1130 1547 Maiero
1164 1507 1403 1550 methodum
1425 1510 1512 1553 satis

195 1570 418 1623 elegantem
454 1569 678 1610 inueniendi
712 1583 897 1611 numeros
919 1571 1137 1624 perfec'tffi,
1173 1584 1363 1626 nusquam
1385 1587 1511 1630 neque

196 1634 246 1675 ab
277 1634 358 1675 alio
394 1646 518 1687 neque
551 1634 600 1674 ab
632 1632 716 1688 ipso
757 1634 1014 1689 publicatam:
1069 1636 1150 1675 mei
1196 1638 1236 1676 in
1279 1638 1511 1681 defunctum

197 1697 321 1739 officii
354 1698 429 1738 effe
462 1699 621 1751 putaui,
661 1698 763 1739 hanc
798 1698 1035 1740 methodum
1079 1699 1142 1739 hic
1194 1712 1425 1755 exponere,
1468 1712 1513 1746 vt

198 1762 226 1804 fi
257 1764 350 1817 quid
383 1762 502 1803 laudis
533 1763 655 1803 etiam
689 1775 742 1804 ex
775 1763 851 1804 hoc
887 1762 1100 1817 specimine
1134 1764 1248 1817 ipfius
1267 1766 1418 1808 meritis
1445 1780 1514 1808 ac-

199 1826 338 1868 cedere
387 1825 523 1880 poffit,
568 1827 664 1868 illud
706 1828 777 1882 ipsi
822 1827 1001 1867 tribuam,
1072 1825 1234 1868 Constat
1267 1828 1331 1868 hic
1374 1831 1514 1871 modus

199 1889 373 1942 sequenti
406 1891 572 1934 calculo.
638 1892 846 1948 Quoniam
881 1891 920 1931 in
955 1890 1032 1932 hoc
1052 1893 1217 1944 negotio
1247 1893 1419 1945 partibus
1437 1893 1517 1935 ali-

200 1955 330 2006 quotis
363 1955 639 1996 adnumeratur
673 1956 796 1997 etiam
833 1956 985 2006 vnitas‚
1020 1965 1218 2009 ponantur
1244 1958 1400 1998 numeri
1421 1971 1516 2012 per-

201 2015 291 2056 fecti
314 2024 439 2069 partes
456 2014 652 2068 aliquotae
676 2036 693 2061 1
716 2051 728 2072 ,
748 2033 809 2072 m,
829 2031 877 2071 n,
898 2032 942 2070 r,
964 2030 1014 2073 q,
1032 2027 1061 2074 p
1076 2051 1087 2071 ‚
1107 2020 1161 2072 A,
1184 2031 1257 2060 etc.
1296 2021 1512 2076 imitamen,

202 2088 249 2120 vt
281 2079 377 2120 duae
411 2078 567 2118 mediae
596 2088 624 2134 p
656 2092 695 2122 et
727 2085 767 2123 A
800 2085 841 2124 in
875 2083 911 2124 se
930 2083 1216 2137 multiplicatae
1242 2083 1417 2126 efficiant
1436 2098 1512 2126 nu-

203 2155 362 2185 merum
400 2141 617 2196 perfeetum
650 2147 859 2200 quaesitum
887 2149 993 2203 pA3
1028 2156 1141 2191 erunt
1169 2160 1270 2204 ,ergo
1289 2158 1418 2205 partes
1436 2149 1513 2190 ali·

204 2205 314 2253 Tom.
352 2207 447 2251 VII
454 2238 461 2248 ,
842 2208 877 2253 B
1367 2222 1511 2266 quotae
