2014 2761
1433 30 1474 41 -v-s.

499 155 585 192 268
716 146 806 191 DE
839 143 1302 192 MVTATIONIBVS
1335 142 1583 193 CALORIS

495 269 628 318 distat,
663 277 725 309 aut
759 268 869 323 plane
896 268 989 309 liber
1018 269 1084 309 est.
1153 267 1246 309 Inde
1275 268 1433 319 accidit,
1467 277 1513 309 vt
1540 278 1622 309 vno
1648 270 1810 314 eodem...

495 347 568 388 que
605 343 784 388 tempore
808 366 819 384 ,
870 335 989 375 alium
1033 334 1167 374 caloris
1208 334 1366 386 gradum
1401 333 1525 374 notari
1560 347 1581 374 a
1618 334 1812 378 Mercurio

495 398 839 453 deprehenderim,
872 400 911 439 in
949 399 1038 438 loco
1076 399 1205 453 quieto
1239 399 1279 438 in
1316 399 1455 439 vicinia
1492 399 1713 450 domuum,
1749 400 1815 442 vbi

495 473 631 504 ventus
662 476 740 503 non
773 464 869 504 :ideo
904 463 1018 504 libere
1051 465 1219 518 vndique
1253 465 1431 504 accedere
1465 474 1648 517 poterat,
1695 464 1813 506 alium

495 529 536 569 in
569 529 656 569 loco
692 539 848 583 aperto,
886 529 1004 570 :ilium
1041 529 1080 568 in
1116 529 1205 569 loco
1239 528 1312 570 sine
1347 528 1449 579 sole,
1491 529 1610 571 alium
1648 530 1688 571 in
1725 530 1816 570 loco

497 607 518 635 a
552 594 628 634 sole
660 595 862 643 iri-adlato,
897 594 1015 634 alium
1054 594 1091 634 in
1125 594 1234 647 plaga
1267 593 1546 648 leptentrionali
1566 627 1578 647 ‚
1624 595 1742 637 alium
1776 595 1816 634 in

497 660 767 713 meridionali,
802 660 921 700 alium
954 660 1113 712 denique
1145 659 1248 713 super
1280 668 1402 710 terra,
1436 659 1556 700 alium
1585 659 1694 713 super
1722 672 1817 713 aqua

500 725 663 774 fluente,
694 737 760 764 ex.
791 737 847 778 gr.
879 725 916 764 d.
956 737 1028 773 13.
1065 737 1136 775 14.
1168 735 1238 773 15.
1265 721 1380 763 Iunii.
1418 723 1498 763 alio
1534 733 1713 777 tempore
1746 736 1819 777 pa-

496 803 584 832 rum
618 789 838 840 differebat,
883 789 1075 842 imprimis
1108 788 1194 842 post
1230 788 1425 842 pluuium,
1463 796 1507 828 vt
1543 788 1583 829 d.
1623 803 1669 839 9.
1705 786 1810 829 Iulii.

498 856 610 911 Quae
642 856 800 909 quidem
835 854 1083 894 inconstantia
1118 853 1288 906 quamuis
1322 853 1529 905 impediat,
1564 866 1611 894 ne
1645 862 1819 894 accurate

497 921 613 961 sciam
651 920 880 959 relationem
916 919 1014 957 inter
1043 918 1216 957 calorem
1255 918 1348 956 aeris
1382 926 1419 956 et
1451 930 1600 970 aquae:
1644 931 1724 957 non
1758 927 1819 959 ta-

499 997 593 1024 men
631 984 832 1037 prohibet,
881 983 1088 1035 quominus
1122 983 1242 1021 varias
1272 981 1500 1022 differentias
1532 981 1669 1022 caloris
1701 994 1817 1037 aquae

498 1049 609 1104 ipsius
641 1062 683 1089 ac
718 1057 994 1102 temperaturae
1025 1047 1120 1088 aeris
1150 1048 1247 1087 inter
1278 1045 1313 1087 se
1345 1046 1527 1102 expiscari
1556 1046 1714 1101 poffim.

650 1146 868 1188 Institutum
893 1147 1048 1200 quidem
1077 1156 1180 1198 erat,
1216 1146 1263 1186 ab
1282 1145 1417 1195 initio,
1455 1145 1501 1185 ad
1525 1143 1695 1185 calorem
1725 1144 1822 1186 aeris

497 1212 635 1267 quieti,
671 1221 709 1251 et
741 1212 849 1252 liberi
881 1212 1096 1264 attendere,
1132 1210 1401 1264 insequentibus
1434 1222 1530 1250 vero
1562 1210 1818 1264 temporibus,

500 1287 537 1318 et
564 1277 718 1332 quidem
745 1277 783 1317 d.
824 1291 891 1328 13.
927 1275 1027 1317 Iunii
1055 1276 1192 1327 didici,
1230 1285 1413 1330 oportere
1446 1287 1513 1316 me
1545 1275 1668 1329 probe
1700 1275 1819 1317 etiam

500 1353 634 1383 notare
674 1341 843 1382 calorem
884 1343 977 1382 aeris
1016 1341 1084 1394 ipsi
1117 1355 1232 1395 aquae
1273 1341 1499 1381 immediate
1540 1339 1818 1390 incumbentis,

503 1408 542 1447 ni
576 1407 722 1447 vellem
756 1406 880 1459 decipi
916 1407 953 1445 in
986 1405 1201 1458 indagando
1234 1405 1360 1443 calore
1393 1416 1523 1456 aquae.
1593 1405 1685 1442 Vidi
1712 1404 1818 1443 enim

500 1479 583 1511 tum
619 1470 828 1523 temporis,
865 1469 1064 1523 postquam
1102 1469 1392 1508 instrumentum
1428 1479 1478 1506 ex
1512 1479 1607 1520 aqua
1639 1476 1820 1508 extraxe-

500 1548 610 1586 ram,
647 1535 884 1576 Mercurium
919 1533 1132 1575 adhucdum
1166 1532 1382 1573 notabiliter
1414 1531 1568 1582 cadere,
1604 1532 1706 1572 cuins
1737 1533 1821 1586 qui-

503 1601 595 1641 dem
630 1600 684 1640 rei
718 1599 820 1640 nulla
852 1598 923 1639 alia
957 1599 1075 1639 cauffit
1108 1598 1242 1639 subeffe
1275 1605 1449 1651 poterat,
1482 1609 1597 1650 quam
1624 1596 1726 1650 quod
1756 1610 1820 1638 aer

500 1665 727 1707 incumbens
761 1664 886 1705 multo
919 1663 1090 1717 frigidior
1125 1663 1213 1704 effet
1245 1675 1359 1716 quam
1397 1674 1489 1715 aqua
1510 1693 1520 1711 ,
1562 1669 1601 1701 et
1632 1673 1695 1702 aer
1726 1661 1815 1714 ille,

501 1731 540 1772 in
576 1744 653 1786 quo
685 1730 772 1771 alias
808 1729 1159 1777 Thermometrum
1193 1728 1383 1768 obseruare
1418 1726 1601 1767 solebam.

654 1830 826 1873 Multum
864 1828 1135 1882 impedimenti
1173 1839 1322 1882 quoque
1358 1825 1481 1867 attulit
1514 1824 1656 1867 diuersa
1684 1826 1817 1868 flumi-

502 1897 557 1937 nis
581 1896 739 1937 altitudo
764 1904 828 1935 aut
857 1894 1105 1949 profunditas,
1142 1893 1310 1946 itemque
1338 1901 1465 1933 motus
1492 1904 1609 1945 aqu-‚ie
1628 1903 1678 1932 ex
1698 1901 1818 1933 vento

502 1960 682 2001 aestuans.
751 1960 850 2001 Illud
885 1960 988 1999 enim
1024 1959 1062 1998 in
1090 1959 1192 1999 causa
1224 1957 1313 2007 fuit,
1347 1965 1389 1997 vt
1415 1970 1494 1999 non
1521 1957 1699 1997 accedere
1725 1969 1816 2011 pos-

502 2024 580 2065 sem
617 2027 662 2066 ad
697 2026 910 2066 distantium
942 2023 1178 2077 requisitam,
1215 2023 1329 2073 istud,
1365 2031 1407 2061 vt
1440 2034 1517 2062 non
1552 2022 1630 2061 satis
1662 2029 1818 2074 promte

501 2090 587 2144 post
617 2090 895 2130 exn-actionem
925 2089 1085 2142 gradum
1112 2089 1289 2130 mercurii
1318 2086 1508 2128 obseruare
1537 2084 1635 2125 mihi
1664 2084 1815 2135 liceret,

499 2155 560 2197 sed
601 2168 698 2198 nunc
740 2155 931 2196 maiorem
966 2167 1063 2197 nunc
1098 2156 1293 2199 minorem
1316 2183 1327 2205 ,
1376 2164 1448 2207 pro
1479 2149 1688 2194 diuersitate
1725 2151 1819 2191 aeris

1665 2227 1817 2258 lucum-
