2014 2761
532 201 648 255 mssiss
714 201 727 256 )
762 210 789 241 0
826 201 841 252 (
902 200 1022 253 &1030
1399 206 1452 247 15

146 398 564 499 MOTV
675 318 1455 496 cffiRPORvM

353 529 421 573 SE
453 527 518 569 ΙΝ
522 526 710 569 VICEM
747 524 931 569 PERCV
938 525 1077 566 TIEN
1084 529 1247 568 TIVM.

666 617 699 652 A
711 617 746 651 V
758 616 791 652 T
802 615 838 652 O
846 617 878 654 R
888 615 922 653 E

446 674 563 737 Ioh.
603 673 892 735 Beruoulli.
970 674 1008 734 l.
1048 675 1150 734 Fil.

554 891 751 952 PARS
788 890 1062 950 PRIMA.

146 985 240 1048 De
274 985 589 1069 corporibus
626 981 886 1065 oscilluudo
912 982 977 1064 ſse
1008 982 1458 1067 percutientibus.

150 1157 458 1330 COrpora
491 1189 597 1244 super
629 1190 748 1244 plano
782 1188 918 1244 aspero
951 1191 1119 1232 rotando
1154 1191 1194 1230 in
1227 1187 1263 1230 se
1284 1189 1459 1231 inuicem
1491 1191 1599 1226 Tabula
1620 1192 1669 1226 113

336 1253 596 1303 impingentia
630 1254 750 1304 longe
782 1254 876 1293 alias
907 1253 1055 1296 lbruare
1091 1255 1218 1307 leges,
1251 1266 1296 1293 ac
1326 1255 1352 1295 si
1371 1252 1459 1294 col-

334 1313 417 1353 lisio
437 1312 506 1352 fiat
524 1314 601 1352 sine
619 1314 818 1354 rotatione
832 1345 843 1365 ,
883 1317 1127 1368 experientia
1147 1317 1323 1358 testatur:
1368 1317 1458 1358 Mi-

147 1374 190 1414 hi
210 1383 342 1413 autem
358 1403 370 1423 ‚
402 1372 443 1411 in
463 1372 569 1424 leges
589 1370 676 1410 istas
697 1370 937 1424 inquirenti,
967 1373 1217 1412 obseruatum
1236 1375 1332 1425 fuit,
1367 1380 1454 1420 illas

146 1438 314 1491 pendere
339 1449 360 1476 a
386 1435 534 1488 regulis
560 1446 778 1488 corporum
815 1434 1029 1476 oscillando
1057 1434 1102 1476 ·se
1131 1437 1452 1489 percutientium.

146 1500 232 1542 Hac
260 1502 391 1554 itaque
410 1502 498 1540 vice
520 1530 532 1550 ,
566 1510 665 1553 quae
693 1500 794 1539 circa
824 1499 975 1552 regulas
1002 1500 1087 1540 istas
1111 1500 1324 1541 meditatus
1351 1501 1454 1555 sum„

145 1577 367 1621 proponam
381 1596 392 1618 ‚
426 1564 616 1620 proxima
634 1562 835 1605 occasione
854 1564 1045 1606 rotationi
1064 1577 1110 1606 ea
1129 1565 1405 1622 applicaturus.

612 1684 900 1748 Definitio
935 1707 976 1755 Ι.

262 1786 305 1835 L
336 1785 469 1827 Motus
495 1786 740 1841 progreffiuus
760 1785 862 1827 mihi
881 1787 962 1840 est,
993 1796 1126 1829 motus
1145 1789 1347 1843 corporis,
1382 1801 1455 1831 cu-

142 1853 203 1892 ius
234 1851 377 1905 fingula
412 1851 550 1904 punem
585 1852 795 1892 communi
829 1851 1042 1893 velocitate
1063 1863 1199 1904 mota,
1233 1852 1453 1894 describunt

141 1915 290 1956 lineam
321 1914 495 1968 reC'cam3
532 1924 575 1956 et
603 1928 676 1970 per
706 1929 786 1957 vmz
818 1917 950 1958 viuum
970 1917 1235 1973 progreffiuam
1265 1917 1449 1970 intelligo

143 1979 230 2018 vim
264 1980 399 2019 vinam
441 1981 644 2034 corporis,
685 1988 875 2035 quatenus
915 1980 1001 2023 solo
1042 1991 1159 2023 motu
1206 1979 1452 2037 progreffiuo

145 2051 343 2084 mouetur.

1352 2169 1446 2213 De-
