2014 2761
571 230 627 266 πε
915 223 996 268 DE
1030 221 1206 266 MOTV
1236 222 1558 270 CORPORVM

1030 337 1311 398 Definitio
1350 360 1401 405 2.

686 437 742 483 11.
781 438 917 484 Motus
939 453 971 493 g
969 442 1167 491 yratorius
1201 438 1253 476 est
1290 449 1421 477 motus
1459 439 1568 490 globi
1607 437 1711 481 circa
1752 448 1869 480 axem

566 500 788 542 immotum
831 503 984 554 gyrati3
1028 500 1116 538 Vim
1149 502 1277 537 viuam
1311 502 1560 550 gyratoriam
1594 501 1753 552 appello
1786 501 1873 541 vim

568 564 702 603 viuum
736 563 941 614 corporis,
984 570 1171 613 quatenus
1206 559 1288 600 solo
1335 571 1449 601 motu
1493 563 1696 614 gyratorio
1730 575 1875 603 moue-

566 636 646 666 tur:
683 635 842 666 motum
880 625 994 665 istum
1027 623 1210 676 deinceps
1242 624 1425 664 definiam
1462 637 1512 664 ex
1533 625 1746 665 velocitate
1772 638 1876 679 pun-

563 690 643 738 ἂὶ,
681 690 719 728 in
753 688 899 733 circulo
932 688 1117 730 maximo
1150 688 1195 726 ad
1236 699 1356 728 axem
1398 689 1616 745 gyrationis
1659 689 1875 742 perpendi-

565 752 711 804 culari,
748 763 819 791 ceu
853 761 1089 805 aequatore,
1122 749 1253 790 sumti.

1032 869 1317 941 Definitio
1356 895 1405 948 3.

686 971 766 1014 111.
802 972 939 1014 Motus
970 967 1209 1026 qscillatorius
1240 973 1293 1013 est
1327 982 1457 1019 motus
1491 972 1668 1025 corporis
1694 970 1873 1016 oscillan-

566 1039 640 1090 τὶν,
674 1036 791 1077 huius
822 1038 908 1078 vim
944 1037 1079 1076 vinam
1114 1037 1154 1075 in
1186 1037 1255 1078 situ
1287 1035 1344 1076 fili
1379 1035 1578 1085 verticali‚
1612 1036 1676 1087 qui
1706 1034 1875 1076 smisso·

568 1100 628 1149 lus
646 1114 668 1142 a
688 1102 801 1144 nobis
819 1100 1148 1158 considerabitur,
1181 1113 1289 1142 voco
1309 1103 1387 1142 vim
1406 1103 1533 1142 viuum
1551 1095 1821 1152 oscillatorz'amzr

1056 1226 1304 1290 Lemma
1339 1243 1385 1291 Ι.

687 1322 763 1367 IV.
818 1322 966 1364 Omnis
1006 1333 1140 1369 motus
1179 1323 1420 1376 compositus
1465 1330 1517 1364 ex
1557 1318 1796 1373 progreffiuo
1838 1328 1878 1360 et

570 1387 803 1440 gyraret-io,
835 1391 1082 1433 quaecunque
1113 1384 1162 1420 fit
1193 1381 1295 1419 ratio
1337 1379 1439 1422 inter
1479 1378 1712 1419 velocitates
1751 1382 1878 1433 respe-

569 1446 715 1495 crinas,
749 1444 887 1496 quibus
921 1442 965 1487 hi
996 1443 1077 1483 duo
1110 1451 1243 1484 motus
1273 1440 1395 1493 fiunt,
1429 1441 1559 1487 reduci
1593 1442 1717 1496 potest
1750 1442 1880 1496 fingu-

570 1509 618 1552 lis
651 1508 870 1549 momentis
901 1507 948 1547 ad
980 1514 1140 1548 motum
1174 1505 1395 1558 simplicem
1427 1504 1736 1557 oscillatorium,
1769 1506 1796 1553 fi
1815 1507 1880 1546 ni-

573 1573 721 1613 mirum
757 1580 961 1625 quaeratur
994 1570 1172 1615 debitum
1206 1568 1456 1623 suspensionis
1505 1569 1720 1623 punctum,
1770 1571 1875 1617 circa

573 1635 680 1689 quod
715 1634 852 1688 globus
883 1633 1052 1674 oscillari
1086 1632 1340 1686 intelligatur.
1386 1636 1476 1674 Hoc
1496 1633 1684 1686 punctum
1715 1633 1875 1675 eritve!

574 1699 615 1740 in
648 1697 871 1753 peripheria
903 1698 1037 1752 globi,
1073 1697 1140 1740 vel
1171 1706 1311 1750 extra,
1346 1694 1411 1741 vel
1444 1696 1541 1736 intra
1584 1697 1719 1748 illam,
1762 1706 1877 1750 prout.

574 1762 640 1802 vel
662 1770 796 1801 motus
829 1760 1086 1818 progreffiuus
1117 1760 1287 1817 aequalis
1319 1759 1373 1804 est
1399 1760 1628 1813 gyratorio,
1664 1759 1727 1799 vel
1756 1772 1877 1810 vnus,

575 1825 724 1865 alterue
739 1855 750 1875 ‚
769 1817 978 1877 praeua'let.
1047 1823 1210 1871 Etenim
1231 1822 1556 1877 perinteruailum
1580 1823 1772 1876 temporis
1791 1823 1877 1863 val-

577 1889 625 1928 de
658 1888 847 1940 exiguum
885 1898 1017 1935 motus
1049 1886 1117 1926 iste
1150 1886 1390 1940 compositus
1423 1885 1522 1925 nihil
1555 1886 1654 1926 aliud
1691 1886 1772 1937 est,
1806 1886 1874 1927 nisi

577 1961 673 1995 vera
705 1949 898 1992 oscillatio
930 1953 1029 1993 circa
1071 1950 1247 1993 debitum
1289 1950 1384 1991 illud
1426 1948 1619 2006 punCtum
1660 1949 1875 2005 suspensto-

579 2025 653 2053 ms„

1746 2136 1874 2183 Lem·
