2014 2761
386 158 827 210 COGITATIONES
858 157 1360 210 PHYSIOLOGICAE.
1432 179 1524 221 319

214 287 394 343 temporis
429 294 626 337 momento,
661 291 788 328 tamen
823 287 947 328 eodem
982 289 1093 328 ‘unius
1113 283 1265 344 systoles
1285 283 1534 342 synchronis-

217 365 273 394 mo
300 360 376 407 per
405 364 542 393 omnem
578 353 811 393 arteriarum
844 350 1011 393 trast'um
1047 354 1270 394 contmuari.
1354 352 1533 407 Denique

214 418 357 471 sanguis
388 417 635 471 grauitatione
667 415 728 458 sua
761 417 799 456 in
831 416 945 458 latera
977 417 1151 458 vasorum
1186 418 1350 472 premit,
1391 428 1429 459 et
1460 431 1533 459 ex-

215 483 426 524 tensionem
462 482 620 522 illorum
655 482 805 522 adiuuat
834 483 1015 532 (§.15.):
1051 493 1204 536 augetur
1239 482 1334 523 haec
1368 482 1529 537 preffio,

215 548 324 588 aueta
352 546 481 595 mole,
516 556 556 586 et
583 546 736 599 quidem
766 545 805 584 in
833 546 1006 599 instanti3
1046 547 1084 585 in
1119 546 1256 598 systole
1289 557 1415 588 autem
1449 548 1533 588 san-

213 613 331 666 guinis
364 610 531 652 arteriofi
565 610 691 651 moles
721 619 898 664 augetur:
935 620 1116 664 tempore
1149 612 1262 663 igitur
1296 612 1448 663 syssoles
1476 613 1535 654 la-

214 686 292 717 tera
332 676 554 716 arteriarum
599 688 668 728 per
707 674 922 728 sanguinem
965 675 1120 716 aucium
1164 685 1202 715 et
1238 677 1425 729 grauitate
1467 677 1527 719 sua

213 750 457 796 prementem
485 741 532 780 ad
561 741 753 780 maiorem
791 741 1052 781 extensionem
1087 753 1129 780 ac
1156 739 1420 782 dilatationem
1454 741 1531 783 sol-

207 807 420 855 mitantur,
457 815 495 845 et
521 805 673 858 quidem
701 804 739 843 in
769 805 916 845 instanti
945 817 986 845 ac
1016 804 1216 845 secundum
1253 817 1415 847 omnem
1452 815 1529 848 tra-

212 872 318 912 stum
341 871 584 919 arteriarum,
619 881 807 922 quousque
827 870 968 923 sanguis
986 871 1172 922 grauitatis
1191 871 1388 924 pertingit.
1438 871 1533 913 No-

209 936 280 976 stra
313 936 424 987 igitur
457 934 637 974 sententia
662 964 672 984 ,
730 934 831 987 quod
863 935 1100 976 arteriarum
1127 930 1254 988 pulsus
1289 947 1372 975 cum
1395 932 1532 991 sjstole

207 1000 338 1040 cordis
371 999 560 1042 coincidat
583 1031 594 1052 ,
647 1010 698 1040 ex
731 997 787 1039 his
821 999 1027 1042 rationibus
1057 998 1295 1055 probabilior
1329 1001 1454 1042 euadit
1487 1015 1530 1044 ac

203 1064 486 1108 corroboratur.

323 1157 361 1206 ξ.
403 1167 480 1214 63.
547 1162 826 1206 Demonstraui
859 1164 938 1206 alio
970 1164 1060 1206 loco
1080 1196 1090 1216 ,
1144 1165 1225 1207 dari
1258 1166 1299 1207 in
1331 1166 1425 1207 tubis
1457 1179 1524 1209 ca-

204 1227 400 1283 pillaribus
417 1229 660 1270 resistentiam
681 1230 846 1284 aliquam
861 1261 872 1280 ,
911 1243 989 1270 non
1010 1244 1031 1270 a
1050 1230 1088 1270 vi
1106 1231 1302 1271 attrae'tiua
1321 1240 1385 1271 aut
1403 1230 1525 1273 fluido

205 1295 571 1347 contraponderante
593 1325 604 1345 ‚
659 1294 718 1334 sed
757 1294 804 1335 ab
844 1294 1001 1335 illorum
1046 1295 1210 1347 angustia
1251 1295 1522 1347 deriuaudam,

203 1370 298 1411 quae
326 1358 493 1398 humana
514 1358 691 1398 industria
710 1359 806 1398 adeo
826 1359 953 1412 augeri
972 1358 1107 1412 possit,
1138 1368 1180 1399 vt
1198 1359 1244 1400 ad
1261 1360 1446 1413 insignem
1468 1361 1525 1402 al-

205 1422 408 1464 titudinem
439 1422 769 1476 superincumbens
796 1422 954 1464 fluidum
974 1423 1013 1462 in
1032 1424 1155 1476 quiete
1183 1424 1360 1463 seruetur.
1427 1424 1523 1466 Vasa

203 1496 331 1528 autem
368 1487 562 1542 capillaria
604 1488 643 1528 in
686 1499 852 1541 corpore
897 1487 1054 1528 animali
1098 1489 1210 1528 omni
1252 1488 1527 1542 imaginatione

201 1551 389 1593 subtiliora
424 1564 531 1606 atque
561 1552 773 1606 angustiora
801 1552 899 1593 sunt:
938 1565 1030 1606 ergo
1058 1551 1216 1593 illorum
1245 1553 1447 1594 resistentia
1475 1554 1526 1596 fi-

202 1617 345 1658 militer
378 1616 411 1657 se
449 1617 578 1658 habet.
646 1615 786 1658 Preffio
813 1626 940 1658 autem
970 1618 1024 1658 est
1051 1617 1089 1656 in
1119 1618 1217 1658 ratio
1247 1617 1373 1658 baseos
1401 1628 1440 1658 et
1464 1618 1521 1659 al-

203 1682 367 1723 titudinis
402 1682 539 1737 fluidi3
594 1681 620 1723 ss
654 1683 765 1735 igitur
797 1681 913 1722 seffio
946 1680 1143 1722 arteriolae
1178 1682 1364 1736 capillaris
1404 1683 1524 1723 mini-

202 1759 267 1788 ma
301 1747 376 1797 est,
412 1759 507 1800 quae
540 1759 613 1801 pro
641 1747 717 1791 basi
743 1746 872 1787 haberi
909 1746 1052 1800 debet3
1109 1755 1190 1786 tum
1219 1746 1419 1788 resistentia
1449 1749 1523 1789 erit

201 1812 410 1862 maxima,
463 1820 502 1851 et
539 1812 706 1853 infinitae
739 1811 944 1854 altitudinis
975 1811 1157 1855 columna
1189 1811 1520 1868 superincumbens

197 1876 372 1920 immota
403 1874 548 1916 haeret.

316 1970 353 2018 ξ.
394 1979 471 2028 64.
538 1972 742 2016 Considera
777 1976 906 2030 igitur:
944 1975 1208 2018 dilatationem
1245 1977 1423 2020 tuborum
1458 1990 1521 2019 ar-

199 2040 426 2082 teriosorum
457 2040 623 2094 incipere
654 2040 693 2080 in
730 2041 921 2096 principio
955 2052 1081 2084 aortae
1118 2037 1169 2091 (6.
1186 2046 1307 2098 35.);
1343 2052 1382 2084 et
1417 2055 1518 2083 con-

200 2106 336 2147 tinuari
362 2117 428 2160 per
455 2118 621 2147 omnem
649 2105 816 2147 tractum
845 2107 1064 2149 arteriarum
1085 2102 1275 2162 (§.62.);
1312 2120 1378 2162 per
1406 2107 1515 2151 illam

201 2180 296 2211 vero
328 2169 423 2211 nihil
456 2171 603 2215 intendi
628 2183 649 2213 a
676 2179 833 2225 natura,
866 2171 933 2220 nisi
965 2182 1010 2215 vt
1040 2172 1145 2219 locus
1176 2173 1407 2216 concedatur
1437 2173 1518 2212 eie-

230 2230 459 2283 Tom.VIL
860 2235 901 2295 T
921 2244 937 2280 t
1442 2234 1511 2278 &0
