2014 2761
719 163 833 229 ChZiae
868 175 963 241 esea,
1395 189 1487 237 367

179 309 366 360 minibus,
399 307 531 349 datum
562 303 812 347 sacerdotibus
839 315 879 347 et
906 317 1042 347 corum
1079 303 1266 360 magistris
1297 305 1497 359 negotium

178 377 269 427 est,
313 380 491 430 quantum
525 370 695 415 humana
727 380 794 428 ope
820 370 960 428 poffient
980 403 990 422 ‚
1033 383 1133 413 vera
1165 366 1372 425 discernere
1405 367 1493 425 (f).

178 441 331 482 Vereor
361 448 514 490 autem,
557 450 604 477 ne
636 437 740 478 idem
777 438 914 479 deinde
948 435 1082 479 Sinicis
1117 436 1218 477 libris
1250 449 1399 491 quoque
1432 449 1497 477 ae-

181 506 341 555 ciderit‚
388 504 490 558 quod
527 501 722 553 Sibyllinis
743 533 754 552 ,
803 503 933 556 quibus
969 515 1047 542 non
1081 502 1206 542 modo
1239 501 1288 542 ita
1323 502 1495 555 integris,

178 570 241 611 sed
282 570 398 609 etiam
438 568 576 609 vitiatis
617 566 863 620 suspetstisque
908 567 1036 621 postea
1081 567 1137 608 vsi
1178 566 1260 607 sunt
1297 567 1494 616 Romani,

179 634 430 690 quamobrem
466 646 488 673 a
522 629 569 672 C.
607 630 769 672 Tiberio
803 629 959 672 Caesare
992 632 1210 685 accepimus
1244 636 1318 685 (g)
1342 664 1351 682 ‚
1409 633 1499 687 qula

180 699 296 741 multa
327 711 436 740 vana
456 694 529 751 sub
564 698 703 737 nomine
741 695 879 738 celebri
910 695 1166 751 vulgabantur
1180 729 1190 748 ,
1212 693 1377 753 stmxffl‘
1413 696 1499 739 Au-

170 765 314 819 gustum
337 796 346 814 ‚
397 774 508 818 quem
543 762 652 802 intra
685 762 783 803 diem
815 763 872 804 ad
894 770 1115 817 praetorem
1147 763 1336 803 vrbanam
1369 763 1497 819 defer-

177 836 331 881 rentar‚
366 840 479 884 neque
511 826 655 869 hahere
680 829 870 881 priuatim
905 827 1051 869 liceret.

295 950 425 991 Venio
458 962 557 990 nunc
592 949 639 990 ad
669 947 845 991 Confucii
879 927 993 993 01νῖιῇ
1027 938 1108 1003 ςὶἷιι
1139 950 1331 1004 speciatim
1366 962 1499 991 recen-

177 1013 347 1056 sendum.
447 1015 485 1055 Is
524 1015 618 1055 liber
661 1014 860 1057 historiam
904 1014 1115 1057 multorum
1158 1028 1347 1056 annorum
1383 1027 1498 1055 com-

180 1080 375 1134 plectitur.
476 1080 691 1121 Enimuero
725 1094 846 1135 neque
879 1082 925 1122 de
959 1093 1003 1121 ea
1047 1080 1235 1131 historia,
1290 1093 1408 1133 neque
1450 1081 1497 1120 de

179 1155 266 1185 toto
307 1146 407 1186 libro
450 1145 574 1186 dicere
617 1158 684 1185 me
730 1148 834 1201 poffe
876 1146 1026 1197 sentio,
1080 1147 1295 1200 priusquam
1330 1145 1500 1199 explica-

180 1220 264 1251 tum
299 1224 319 1252 a
356 1223 420 1250 me
462 1210 537 1262 sit,
590 1211 654 1264 qui
697 1211 808 1253 status
850 1211 1007 1266 imperii
1049 1210 1167 1251 Sinici
1202 1220 1239 1250 et
1270 1220 1377 1250 antea
1420 1209 1501 1250 fue-

179 1276 229 1316 rit
250 1307 260 1326 ‚
314 1285 352 1315 ct
392 1275 463 1315 illis
506 1275 743 1329 temporibus
763 1308 773 1326 ‚
836 1289 930 1331 quae
972 1276 1066 1316 liber
1107 1274 1220 1316 Chim
1262 1276 1343 1328 gieu
1386 1287 1502 1315 com-

181 1341 394 1395 prehendit.
497 1340 595 1380 Tres
638 1341 830 1391 dynastiae
871 1343 931 1382 seu
976 1340 1145 1381 familiae
1187 1339 1466 1394 Imperatoriae
1488 1370 1500 1388 ‚

180 1416 273 1459 quae
306 1406 344 1444 in
377 1402 473 1445 Sinis
508 1406 657 1458 primae
690 1404 855 1454 fuerunt,
896 1406 1035 1459 sibique
1068 1405 1329 1452 successerunt,
1370 1405 1499 1444 maxi-

183 1483 247 1512 ma
279 1470 445 1510 fieruntur
479 1468 604 1518 ffima,
645 1471 748 1522 quod
781 1484 913 1511 earum
948 1483 1003 1511 res
1036 1479 1186 1525 partem
1220 1471 1258 1510 in
1289 1468 1365 1512 Χιι
1399 1470 1497 1519 kim,

182 1568 332 1614 partem
366 1559 406 1599 in
439 1538 554 1601 Chim-z
588 1546 669 1614 ςὶἷιι
702 1560 907 1615 ceterisque
943 1559 1046 1600 libris
1086 1558 1240 1601 clafficis
1282 1559 1498 1600 traduntur:

181 1625 241 1666 sed
274 1625 420 1674 multo,
456 1634 500 1664 vt
523 1625 690 1679 opinor,
726 1626 925 1672 maxime,
960 1625 1061 1678 qnod
1090 1625 1198 1665 status
1223 1625 1400 1678 imperii,
1436 1623 1501 1677 qui

183 1701 266 1730 tam
302 1690 390 1738 fuit,
424 1702 443 1728 a
475 1687 541 1731 Xi
581 1689 711 1732 Hoam
745 1688 830 1741 Ty,
871 1702 986 1742 quem
1025 1689 1127 1742 supra
1161 1689 1499 1740 commemoraui,

185 1754 334 1810 penitus
370 1753 547 1804 sublatus,
585 1768 705 1811 neque
739 1768 950 1808 vmquam,
986 1755 1187 1795 imminuta
1210 1753 1500 1808 Imperatorum

187 1819 402 1867 maiestate,
438 1819 640 1872 restitutus,
676 1820 906 1861 immensum
936 1817 985 1859 sui
1013 1819 1260 1869 desiderium,
1301 1819 1398 1873 apud
1426 1818 1503 1859 ob·-

186 1885 340 1927 stinatos
372 1883 551 1924 libertatis
582 1887 843 1927 recordatione
876 1885 1047 1935 animos,
1084 1894 1124 1924 et
1151 1884 1294 1924 nullam
1324 1884 1501 1937 imperii,

185 1951 304 1991 etiam
339 1947 464 1989 multo
497 1948 709 2002 sapientius,
744 1950 866 1990 iustius
898 1949 1194 2002 clementiusque
1225 1958 1262 1989 et
1295 1947 1503 1990 secundissi-

187 2028 253 2056 ma
286 2026 334 2055 ex
370 2014 514 2054 merito
545 2013 665 2067 gloria
707 2015 860 2068 gerendi
895 2015 1058 2069 gestique
1092 2014 1310 2055 felicitatem
1333 2045 1343 2064 ‚
1396 2024 1503 2055 extra

187 2080 293 2121 illam
329 2078 510 2119 libertatis
543 2079 834 2129 conditionem,
874 2078 953 2119 satis
986 2093 1102 2134 aeque
1138 2078 1284 2121 adsensu
1317 2079 1500 2131 ferentes,

226 2142 336 2185 Tom.
349 2141 392 2185 V
394 2144 456 2185 Π.
822 2143 856 2184 B
875 2144 899 2183 b
919 2144 943 2184 b
1413 2144 1504 2184 reli-

289 2240 352 2280 (ί)
380 2241 499 2271 Tacitus
520 2242 673 2272 Annalium
700 2241 825 2271 Lib.Vl.
847 2239 916 2279 Cap.
931 2250 978 2272 12.
1060 2242 1118 2281 (g)
1148 2242 1263 2272 Tacitus
1285 2239 1395 2271 ibidem.
