2014 2761
366 175 816 227 COGITATIONES
850 173 1208 224 PHYSIOLOGI
1210 174 1246 221 C
1253 174 1285 223 A
1291 175 1341 222 Ε.
1414 195 1436 233 :3
1446 194 1471 221 0
1480 194 1502 233 3

322 295 359 345 §.
396 315 469 354 41.
535 298 640 342 Inter
682 300 901 358 resfientias
941 300 1048 341 cordi
1091 300 1259 341 obiectas
1292 313 1411 355 porro
1444 314 1513 342 nu-

200 368 340 410 merari
372 368 466 408 solet
496 368 613 408 omnis
645 367 787 420 reliqua
820 362 935 420 maffia
958 362 1170 420 sanguinea
1198 367 1237 406 in
1265 367 1374 406 omni
1405 373 1513 407 arte-

199 435 346 474 mrum
381 433 500 473 tractu
532 431 772 473 delitescens:
829 432 925 472 adeo
958 429 1276 472 immisencordes
1309 433 1410 472 fuere
1445 431 1516 472 ha-

200 499 328 539 ftenus
360 498 510 537 Virium
547 497 840 545 aestimatores,
894 504 936 534 vt
977 505 1122 535 tantum
1167 498 1291 536 oneris
1330 497 1515 537 mouendi

200 565 291 603 exili
326 562 446 602 cordis
479 562 672 614 potentiae
701 559 880 600 haetenus
907 559 1165 613 imponerent.
1231 559 1427 614 Siquidem
1457 562 1532 601 issi·

202 627 275 667 fere
295 638 448 675 onines,
480 625 524 673 (fi
544 621 794 667 Morlandum
821 623 1011 678 excipias,
1046 624 1105 664 cui
1139 634 1265 665 tamen
1294 626 1332 665 id
1361 626 1514 667 larinus

201 694 296 732 vitio
325 701 471 731 vertere
490 690 590 730 velle
610 691 776 737 videtur)
806 699 1003 743 tamquam
1032 690 1280 730 indubitatam
1310 691 1512 731 veritatem

202 755 461 804 amnuerunt,
507 756 657 795 afflone
692 754 816 795 cordis
849 763 972 794 totam
1008 755 1168 795 maffam
1203 756 1384 808 sanguinis
1416 765 1516 795 arte-

201 821 334 862 riolam
381 821 518 860 eodem
561 830 739 873 tempore
774 819 813 858 in
854 830 1006 859 motum
1052 821 1172 869 cieri,
1225 830 1262 859 et
1299 818 1512 872 sanguinem

202 898 400 940 propterea
442 885 596 936 systoles
638 894 815 938 tempore
855 885 893 923 in
932 896 1049 924 venas
1089 884 1222 924 traiici.
1321 884 1515 938 Equidem

199 953 236 990 in
271 948 406 1003 Capite
442 951 571 1003 primo
606 943 972 1000 (§.36,37.43.)
1004 948 1190 989 adstruere
1222 959 1377 988 conatus
1410 954 1514 998 lum,

198 1015 378 1068 languinis
406 1015 687 1055 transfusionem
718 1027 768 1054 ex
795 1014 936 1054 arteriis
961 1014 1200 1067 capillaribus
1227 1014 1264 1053 in
1295 1027 1408 1054 venas
1437 1027 1516 1054 non

201 1079 282 1120 fieri
317 1089 493 1131 tempore
526 1079 682 1131 systoles
716 1080 859 1130 cordis,
905 1079 1006 1119 vnde
1040 1078 1270 1132 sequeretur,
1317 1079 1515 1119 :ustionem

201 1144 321 1184 cordis
354 1157 430 1185 non
465 1144 539 1184 effe
575 1144 683 1185 illam
705 1176 715 1195 ,
759 1156 851 1198 quae
886 1146 997 1185 totius
1031 1147 1171 1185 massae
1205 1145 1384 1197 sanguinis
1417 1154 1517 1183 arte-

198 1210 313 1249 riolae
348 1219 503 1249 motum
538 1210 761 1250 immediate
795 1210 1009 1263 producat,
1052 1221 1129 1249 non
1162 1210 1274 1262 igitur
1309 1222 1391 1248 vim
1426 1221 1516 1248 cor-

200 1274 255 1314 dis
287 1273 487 1313 neceffario
519 1274 593 1313 esse
629 1284 798 1324 tantam,
833 1283 877 1314 vt
906 1273 993 1314 huic
1022 1274 1147 1313 motui
1177 1274 1421 1328 producendo
1448 1285 1517 1327 par

199 1338 256 1381 fit.
324 1338 469 1396 Quodsi
497 1349 689 1391 praeterea
717 1338 937 1380 confidero:
973 1339 1183 1378 contrariae
1202 1339 1400 1378 tententiae
1419 1339 1517 1378 Fau-

199 1412 300 1443 tores
328 1404 435 1442 illam
468 1411 530 1445 aut
557 1405 729 1456 precario
755 1404 963 1452 assumere,
996 1414 1059 1442 aut
1086 1404 1316 1455 argumentis
1343 1403 1515 1456 quidem,

200 1477 236 1509 at
264 1467 375 1521 plane
404 1479 481 1506 non
510 1467 679 1517 idoneis,
712 1467 832 1520 qualia
859 1465 1026 1507 Bellinus
1053 1466 1323 1521 stippeditauit,
1363 1467 1514 1520 fulcire3

202 1545 320 1586 neque
357 1532 482 1572 minus
512 1531 575 1572 illa
610 1532 729 1586 posita
762 1545 923 1572 omnem
953 1532 1142 1572 rationem
1172 1532 1280 1582 tolli,
1315 1544 1426 1586 quare
1454 1540 1517 1572 aut

201 1597 355 1638 arteriae
387 1597 612 1647 dilatentur,
649 1607 712 1638 aut
738 1608 848 1651 quare
877 1600 1031 1638 arteriae
1057 1606 1097 1637 et
1123 1609 1241 1637 venae
1269 1609 1344 1636 non
1373 1597 1514 1646 simul⁷

204 1664 290 1703 imo
322 1675 439 1702 venae
481 1664 579 1714 prius
619 1673 657 1701 et
697 1672 778 1702 tum
822 1662 977 1702 arteriae
1018 1662 1250 1709 dilatentur,
1306 1670 1343 1701 et
1379 1661 1517 1714 {anguis

201 1728 341 1766 endem
377 1737 554 1777 tempore
586 1740 663 1781 quo
695 1727 944 1767 ventriculum
978 1726 1165 1766 sinistrum
1200 1727 1309 1775 exit,
1362 1738 1440 1765 non
1475 1726 1514 1765 in

203 1791 379 1830 dextrum
417 1789 627 1843 ‹C21p.1.§
656 1796 750 1842 41.l
786 1787 1010 1832 delabatur?
1045 1791 1152 1831 Haec
1187 1803 1275 1831 mea
1310 1788 1514 1841 sententia,

204 1856 305 1909 quod
348 1868 413 1894 non
453 1861 549 1895 totus
569 1852 726 1910 sanguis
760 1853 959 1911 arteriojits
992 1857 1133 1898 aeliane
1173 1857 1295 1898 cordis
1326 1862 1518 1897 moueatur

200 1922 325 1962 eodm
357 1927 547 1974 tempore,
580 1920 646 1960 ctfi
681 1922 850 1962 nondum
884 1922 1049 1976 plenarie
1083 1921 1234 1962 euoluta
1268 1930 1329 1962 aut
1362 1920 1517 1962 mathe-

204 1988 344 2026 matice
377 1985 658 2037 demonstrata,
695 1994 795 2026 tanta
827 1996 956 2027 tamen
992 1987 1177 2028 euidentia
1212 1987 1351 2037 radiat,
1389 1995 1430 2026 vt
1461 1985 1516 2027 ffi-

203 2051 274 2091 cile
306 2051 485 2090 auderem
520 2049 630 2090 illam
665 2062 737 2102 pro
770 2051 958 2105 principio
989 2053 1028 2093 in
1058 2052 1290 2105 sequentibus
1324 2051 1515 2094 adhibere.

207 2115 281 2157 Sed
315 2128 360 2155 ne
394 2114 573 2156 molestus
607 2115 767 2156 euadam
813 2117 988 2171 rigorosis
1021 2117 1239 2171 quibusdam
1274 2116 1524 2157 examinatoa

206 2181 337 2234 tibus·⁷
392 2180 499 2220 malo
530 2181 662 2231 illa-m,
697 2190 740 2222 vt
772 2183 944 2226 nondum
977 2182 1179 2225 iudicatam
1212 2182 1442 2237 relinquere,
1476 2177 1515 2218 effi

244 2241 349 2287 Tom.
363 2241 466 2289 VH.
840 2248 877 2290 R
899 2261 918 2289 r
1459 2253 1509 2283 CX
