2014 2761
464 179 554 208 220
638 158 1064 210 CONTINVATIO
1097 160 1305 209 OBSERI
1312 158 1554 208 'ATIONV
1553 161 1610 210 M

581 282 672 340 Obs.
720 297 764 336 7.
833 285 911 327 Vel
950 285 1076 341 prima
1118 284 1385 339 inspectione,
1443 283 1616 325 detraxito
1654 284 1769 328 invo-

450 350 559 390 lucro
602 351 903 391 membranaceo
939 359 1129 400 externo,
1188 348 1370 403 Laryngis
1412 349 1679 403 cartilagines,
1730 360 1773 392 vt

450 415 551 468 prius
584 415 689 468 super
720 414 1001 468 Epiglottidem
1036 414 1089 454 est
1121 413 1380 466 obseruatum,
1414 413 1604 455 reticulari
1635 412 1772 455 fabrica

447 479 705 521 minimorum
749 479 993 521 vasculorum
1033 479 1248 522 rubentium
1274 511 1285 533 ,
1337 492 1427 521 cum
1464 479 1638 520 admixta
1670 480 1773 520 tenui

454 544 604 598 adipofit
648 544 804 586 materia
845 545 1013 595 obduci,
1057 544 1291 598 intelligitur.
1392 542 1433 585 Si
1466 556 1589 599 porro
1625 545 1771 596 Arytae

453 610 614 650 noidum
649 620 825 650 extrema
858 621 1020 664 quorum
1058 618 1260 664 Vtrumque
1300 609 1455 649 bicorne
1493 609 1601 649 nobis
1629 609 1682 649 est
1708 609 1772 649 vi-

453 674 536 715 sum
558 706 568 725 ,
621 687 689 728 per
723 674 895 714 medium
937 675 1041 716 iuxta
1081 674 1359 728 longitudinem
1393 674 1565 725 diffidas,
1619 673 1773 714 tametsi

453 739 610 779 cellulae
647 739 699 779 ob
731 739 944 780 exilitatem
980 740 1052 780 sint
1086 738 1369 793 inconspicuam,
1405 738 1598 792 quoddam
1633 739 1775 779 coloris

451 813 489 844 et
523 803 740 844 [ubstantiae
772 803 972 844 discrimen
1005 805 1044 844 in
1077 804 1210 844 medio
1229 835 1240 855 ‚
1294 813 1338 843 vt
1368 803 1522 858 diploe,
1574 802 1774 844 manifesto

453 878 623 922 apparet.
723 866 874 922 Corpus
910 870 969 910 seu
1004 868 1096 908 basis
1117 898 1128 918 ,
1178 876 1381 908 annotante
1424 868 1596 922 primum
1634 865 1770 909 Celeb.

454 931 719 986 Morgagnio,
772 932 983 984 cellulofii,
1038 933 1184 985 liquore
1226 931 1426 972 medullari
1472 941 1626 984 turget:
1680 945 1773 973 nam

450 998 556 1038 iuxta
590 997 730 1037 nostras
764 995 1041 1037 obieruationes
1062 1027 1072 1045 ‚
1117 996 1194 1036 duo
1227 995 1289 1036 hic
1326 997 1405 1037 sunt
1436 996 1773 1038 animaduertenda

451 1062 646 1103 interstitia
673 1061 734 1102 sen
762 1074 969 1111 cauernae,
1012 1059 1228 1101 (ubstantiae
1255 1059 1472 1114 spongioiiie
1499 1060 1637 1101 offium
1665 1061 1773 1102 simi-

453 1126 506 1166 les
529 1158 539 1176 ,
590 1138 628 1165 et
674 1124 765 1166 succi
819 1126 1036 1166 medullaris
1088 1125 1312 1166 flauescentis
1356 1127 1539 1179 quasdam
1582 1124 1778 1178 particulas

455 1190 718 1240 continentes,
773 1203 845 1230 vna
882 1191 919 1229 in
957 1190 1031 1230 basi
1053 1221 1063 1240 ‚
1116 1202 1232 1243 eaque
1273 1190 1444 1242 amplior
1464 1221 1474 1240 ,
1530 1188 1645 1229 altera
1686 1202 1774 1244 par-

455 1267 500 1295 ua
531 1253 769 1305 orbicularis,
806 1254 921 1308 paulo
950 1254 1056 1294 altius
1083 1253 1206 1294 versus
1230 1252 1468 1307 superficiem
1497 1252 1664 1294 lunatam
1699 1267 1777 1308 po-

455 1319 536 1362 sita.
603 1316 832 1369 Caeterum,
867 1320 964 1359 inter
1000 1328 1200 1372 Vtramque
1226 1320 1505 1359 concauitatem
1532 1319 1632 1360 nulla
1661 1332 1775 1360 com-

455 1384 688 1434 munic-atio,
726 1383 822 1423 sensu
853 1384 1000 1437 iudice,
1035 1383 1087 1421 est
1120 1383 1306 1431 instituta,
1343 1383 1369 1422 fi
1402 1383 1585 1434 quosdam
1621 1385 1779 1436 porulos

455 1448 621 1500 excipias
643 1478 653 1495 ‚
708 1447 920 1488 cuiusmodi
960 1445 1051 1486 alias
1081 1446 1121 1484 in
1155 1445 1420 1498 cartilaginum
1460 1445 1652 1486 substantia
1696 1447 1780 1488 sunt

457 1511 667 1568 conspicui.

577 1641 669 1700 Obs.
694 1647 733 1684 8.
787 1642 833 1684 In
853 1641 1035 1684 Cricoide
1062 1642 1301 1697 cartilagine,
1335 1642 1539 1684 nonsolum
1568 1656 1611 1684 ea
1640 1653 1772 1698 parte⁷

457 1722 528 1765 qua
555 1710 647 1751 finni
668 1709 938 1760 Arytaenoidis
962 1709 1241 1760 inarticulatur,
1275 1718 1380 1763 parte
1407 1710 1587 1750 videlicet
1613 1709 1772 1762 postica,

459 1788 596 1816 verum
630 1775 747 1814 etium
782 1776 903 1814 versus
936 1774 1151 1823 anteriora,
1187 1774 1336 1827 insignis
1368 1784 1408 1815 et
1441 1774 1630 1815 circularis
1656 1770 1777 1815 Zona

460 1839 660 1880 cauernoiii
680 1869 691 1889 ‚
740 1851 833 1893 quae
866 1839 1049 1893 posterius
1082 1839 1128 1878 ad
1163 1839 1355 1880 transucrfi
1387 1839 1495 1892 digiti
1536 1839 1776 1881 latitudinem

463 1905 519 1945 est
552 1904 705 1958 ampla,
740 1904 779 1943 in
812 1916 909 1944 cauo
942 1912 981 1942 et
1013 1904 1144 1943 medio
1176 1903 1366 1956 thyroidis
1396 1904 1652 1955 contractior,
1688 1917 1775 1944 ma-

460 1969 593 2009 nifesto
625 1978 796 2023 apparet.
899 1966 947 2007 In
981 1979 1024 2007 ea
1058 1981 1176 2021 porro
1195 2000 1205 2018 ‚
1258 1978 1300 2009 vt
1334 1970 1374 2009 in
1407 1970 1549 2011 cellulis
1581 1970 1774 2010 maiorum

460 2032 596 2073 ollium
618 2064 627 2082 ‚
687 2034 843 2086 copiam
886 2032 1106 2073 medullaris
1149 2033 1228 2073 olei
1269 2034 1474 2075 collectam
1518 2035 1591 2075 effe
1635 2031 1778 2087 perspi-

461 2111 575 2139 cuum
609 2097 685 2149 cst,
720 2107 762 2138 vt
794 2110 846 2138 ex
878 2097 1064 2152 pressione
1096 2098 1331 2153 intelligitur.

1601 2222 1690 2280 obs.
1728 2242 1771 2279 9.
