<?xml version="1.0" encoding="UTF-8"?>
<!DOCTYPE html PUBLIC "-//W3C//DTD XHTML 1.0 Transitional//EN"
    "http://www.w3.org/TR/xhtml1/DTD/xhtml1-transitional.dtd">
<html xmlns="http://www.w3.org/1999/xhtml" xml:lang="en" lang="en">
 <head>
  <title>
</title>
<meta http-equiv="Content-Type" content="text/html;charset=utf-8" />
  <meta name='ocr-system' content='tesseract 3.04.00' />
  <meta name='ocr-capabilities' content='ocr_page ocr_carea ocr_par ocr_line ocrx_word'/>
</head>
<body>
  <div class='ocr_page' id='page_1' title='image "./commentariiacade07impe_0306.png"; bbox 0 0 2014 2761; ppageno 0'>
   <div class='ocr_carea' id='block_1_1' title="bbox 489 149 1610 204">
    <p class='ocr_par' dir='ltr' id='par_1_1' title="bbox 489 149 1610 204">
     <span class='ocr_line' id='line_1_1' title="bbox 489 149 1610 204; baseline -0.001 -1"><span class='ocrx_word' id='word_1_1' title='bbox 489 162 580 203; x_wconf 80' lang='lat'>286</span> <span class='ocrx_word' id='word_1_2' title='bbox 654 152 744 204; x_wconf 89' lang='lat' dir='ltr'>DE</span> <span class='ocrx_word' id='word_1_3' title='bbox 777 149 1234 203; x_wconf 83' lang='lat' dir='ltr'><strong><em>CIRCVLATIONE</em></strong></span> <span class='ocrx_word' id='word_1_4' title='bbox 1267 153 1610 204; x_wconf 86' lang='lat' dir='ltr'><strong><em>SANGVINIS</em></strong></span> 
     </span>
    </p>
   </div>
   <div class='ocr_carea' id='block_1_2' title="bbox 485 277 1800 335">
    <p class='ocr_par' dir='ltr' id='par_1_2' title="bbox 485 277 1800 335">
     <span class='ocr_line' id='line_1_2' title="bbox 485 277 1800 335; baseline 0.002 -14"><span class='ocrx_word' id='word_1_5' title='bbox 485 287 682 332; x_wconf 81' lang='lat' dir='ltr'>tamquam</span> <span class='ocrx_word' id='word_1_6' title='bbox 719 279 757 320; x_wconf 92' lang='lat' dir='ltr'>in</span> <span class='ocrx_word' id='word_1_7' title='bbox 788 278 949 334; x_wconf 82' lang='lat' dir='ltr'>siphone</span> <span class='ocrx_word' id='word_1_8' title='bbox 990 289 1149 320; x_wconf 89' lang='lat' dir='ltr'>recuruo</span> <span class='ocrx_word' id='word_1_9' title='bbox 1181 277 1406 330; x_wconf 85' lang='lat' dir='ltr'>conseruet,</span> <span class='ocrx_word' id='word_1_10' title='bbox 1458 279 1599 335; x_wconf 84' lang='lat' dir='ltr'>partim</span> <span class='ocrx_word' id='word_1_11' title='bbox 1633 278 1672 320; x_wconf 90' lang='lat' dir='ltr'>in</span> <span class='ocrx_word' id='word_1_12' title='bbox 1703 292 1800 324; x_wconf 74' lang='lat' dir='ltr'>vena</span> 
     </span>
    </p>
   </div>
   <div class='ocr_carea' id='block_1_3' title="bbox 484 343 1798 466">
    <p class='ocr_par' dir='ltr' id='par_1_3' title="bbox 484 343 1798 466">
     <span class='ocr_line' id='line_1_3' title="bbox 484 343 1798 402; baseline 0.002 -17"><span class='ocrx_word' id='word_1_13' title='bbox 484 344 675 397; x_wconf 83' lang='lat' dir='ltr'><strong>superiore</strong></span> <span class='ocrx_word' id='word_1_14' title='bbox 707 347 866 400; x_wconf 84' lang='lat' dir='ltr'>proprio</span> <span class='ocrx_word' id='word_1_15' title='bbox 901 345 1071 398; x_wconf 84' lang='lat' dir='ltr'>pondere</span> <span class='ocrx_word' id='word_1_16' title='bbox 1103 355 1155 387; x_wconf 83' lang='lat' dir='ltr'>ex</span> <span class='ocrx_word' id='word_1_17' title='bbox 1185 344 1309 402; x_wconf 80' lang='lat' dir='ltr'>capite</span> <span class='ocrx_word' id='word_1_18' title='bbox 1342 344 1463 388; x_wconf 84' lang='lat' dir='ltr'>versus</span> <span class='ocrx_word' id='word_1_19' title='bbox 1494 357 1564 388; x_wconf 86' lang='lat' dir='ltr'>cor</span> <span class='ocrx_word' id='word_1_20' title='bbox 1594 343 1798 400; x_wconf 76' lang='lat' dir='ltr'>relabatur,</span> 
     </span>
     <span class='ocr_line' id='line_1_4' title="bbox 485 409 1127 466; baseline 0 -16"><span class='ocrx_word' id='word_1_21' title='bbox 485 417 526 450; x_wconf 86' lang='lat' dir='ltr'>et</span> <span class='ocrx_word' id='word_1_22' title='bbox 558 409 610 451; x_wconf 90' lang='lat' dir='ltr'>sui</span> <span class='ocrx_word' id='word_1_23' title='bbox 641 411 846 464; x_wconf 77' lang='lat' dir='ltr'>regressum</span> <span class='ocrx_word' id='word_1_24' title='bbox 877 409 1127 466; x_wconf 84' lang='lat' dir='ltr'>promoueat.</span> 
     </span>
    </p>
   </div>
   <div class='ocr_carea' id='block_1_4' title="bbox 487 533 1824 1692">
    <p class='ocr_par' dir='ltr' id='par_1_4' title="bbox 487 533 1824 1692">
     <span class='ocr_line' id='line_1_5' title="bbox 609 533 1809 594; baseline -0.002 -12"><span class='ocrx_word' id='word_1_25' title='bbox 609 533 647 583; x_wconf 63' lang='grc' dir='ltr'>ξ.</span> <span class='ocrx_word' id='word_1_26' title='bbox 685 555 725 592; x_wconf 90' lang='lat'>9.</span> <span class='ocrx_word' id='word_1_27' title='bbox 783 539 920 592; x_wconf 87' lang='lat' dir='ltr'>Dum,</span> <span class='ocrx_word' id='word_1_28' title='bbox 963 548 1007 581; x_wconf 88' lang='lat' dir='ltr'>vt</span> <span class='ocrx_word' id='word_1_29' title='bbox 1042 539 1199 594; x_wconf 86' lang='lat' dir='ltr'>propius</span> <span class='ocrx_word' id='word_1_30' title='bbox 1233 538 1280 580; x_wconf 89' lang='lat' dir='ltr'>ad</span> <span class='ocrx_word' id='word_1_31' title='bbox 1317 550 1400 580; x_wconf 87' lang='lat' dir='ltr'>rem</span> <span class='ocrx_word' id='word_1_32' title='bbox 1432 539 1688 593; x_wconf 82' lang='lat' dir='ltr'>accedamus,</span> <span class='ocrx_word' id='word_1_33' title='bbox 1732 541 1809 583; x_wconf 74' lang='lat' dir='ltr'>cir.</span> 
     </span>
     <span class='ocr_line' id='line_1_6' title="bbox 491 604 1808 659; baseline 0.001 -12"><span class='ocrx_word' id='word_1_34' title='bbox 491 605 637 647; x_wconf 85' lang='lat' dir='ltr'>cuitum</span> <span class='ocrx_word' id='word_1_35' title='bbox 671 606 854 659; x_wconf 77' lang='lat' dir='ltr'>sanguinis</span> <span class='ocrx_word' id='word_1_36' title='bbox 887 604 1107 653; x_wconf 79' lang='lat' dir='ltr'>asserimus,</span> <span class='ocrx_word' id='word_1_37' title='bbox 1162 605 1357 645; x_wconf 73' lang='lat' dir='ltr'>transitum</span> <span class='ocrx_word' id='word_1_38' title='bbox 1391 605 1493 645; x_wconf 90' lang='lat' dir='ltr'>illius</span> <span class='ocrx_word' id='word_1_39' title='bbox 1526 618 1580 647; x_wconf 83' lang='lat' dir='ltr'>ex</span> <span class='ocrx_word' id='word_1_40' title='bbox 1612 620 1692 647; x_wconf 77' lang='lat' dir='ltr'>vno</span> <span class='ocrx_word' id='word_1_41' title='bbox 1726 606 1808 648; x_wconf 80' lang='lat' dir='ltr'>vase.</span> 
     </span>
     <span class='ocr_line' id='line_1_7' title="bbox 487 663 1809 724; baseline 0 -12"><span class='ocrx_word' id='word_1_42' title='bbox 487 671 526 712; x_wconf 91' lang='lat' dir='ltr'>in</span> <span class='ocrx_word' id='word_1_43' title='bbox 560 670 660 712; x_wconf 87' lang='lat' dir='ltr'>aliud</span> <span class='ocrx_word' id='word_1_44' title='bbox 694 671 858 712; x_wconf 79' lang='lat' dir='ltr'>dicimus</span> <span class='ocrx_word' id='word_1_45' title='bbox 891 668 1005 723; x_wconf 70' lang='lat' dir='ltr'>(Cap.</span> <span class='ocrx_word' id='word_1_46' title='bbox 1029 667 1063 710; x_wconf 91' lang='lat' dir='ltr'>I.</span> <span class='ocrx_word' id='word_1_47' title='bbox 1103 663 1139 711; x_wconf 76' lang='lat'>§.</span> <span class='ocrx_word' id='word_1_48' title='bbox 1166 674 1253 723; x_wconf 82' lang='lat'>1.);</span> <span class='ocrx_word' id='word_1_49' title='bbox 1287 670 1445 710; x_wconf 84' lang='lat' dir='ltr'>arteriae</span> <span class='ocrx_word' id='word_1_50' title='bbox 1476 670 1588 724; x_wconf 83' lang='lat' dir='ltr'>igitur</span> <span class='ocrx_word' id='word_1_51' title='bbox 1618 681 1658 711; x_wconf 86' lang='lat' dir='ltr'>et</span> <span class='ocrx_word' id='word_1_52' title='bbox 1690 684 1809 712; x_wconf 82' lang='lat' dir='ltr'>venae</span> 
     </span>
     <span class='ocr_line' id='line_1_8' title="bbox 490 732 1814 788; baseline 0 -12"><span class='ocrx_word' id='word_1_53' title='bbox 490 736 588 777; x_wconf 88' lang='lat' dir='ltr'>inter</span> <span class='ocrx_word' id='word_1_54' title='bbox 622 735 656 776; x_wconf 92' lang='lat' dir='ltr'>se</span> <span class='ocrx_word' id='word_1_55' title='bbox 690 734 899 776; x_wconf 79' lang='lat' dir='ltr'>cohaerent</span> <span class='ocrx_word' id='word_1_56' title='bbox 930 733 1045 788; x_wconf 82' lang='lat' dir='ltr'>(Cap.</span> <span class='ocrx_word' id='word_1_57' title='bbox 1068 732 1103 773; x_wconf 94' lang='lat' dir='ltr'>I.</span> <span class='ocrx_word' id='word_1_58' title='bbox 1137 735 1172 783; x_wconf 83' lang='lat'>§.</span> <span class='ocrx_word' id='word_1_59' title='bbox 1199 738 1313 784; x_wconf 82' lang='lat'>12.).</span> <span class='ocrx_word' id='word_1_60' title='bbox 1379 734 1572 774; x_wconf 87' lang='lat' dir='ltr'>Praeterea</span> <span class='ocrx_word' id='word_1_61' title='bbox 1605 736 1644 774; x_wconf 87' lang='lat' dir='ltr'>in</span> <span class='ocrx_word' id='word_1_62' title='bbox 1677 736 1814 776; x_wconf 62' lang='lat' dir='ltr'>erecto</span> 
     </span>
     <span class='ocr_line' id='line_1_9' title="bbox 492 799 1810 855; baseline -0.001 -14"><span class='ocrx_word' id='word_1_63' title='bbox 492 800 658 842; x_wconf 86' lang='lat' dir='ltr'>homine</span> <span class='ocrx_word' id='word_1_64' title='bbox 702 799 786 842; x_wconf 72' lang='lat' dir='ltr'>vasa</span> <span class='ocrx_word' id='word_1_65' title='bbox 828 800 940 842; x_wconf 77' lang='lat' dir='ltr'>situm</span> <span class='ocrx_word' id='word_1_66' title='bbox 984 799 1335 854; x_wconf 66' lang='lat' dir='ltr'>perpendicularem</span> <span class='ocrx_word' id='word_1_67' title='bbox 1359 828 1369 848; x_wconf 89' lang='lat'>‚</span> <span class='ocrx_word' id='word_1_68' title='bbox 1430 800 1494 840; x_wconf 82' lang='lat' dir='ltr'>vel</span> <span class='ocrx_word' id='word_1_69' title='bbox 1535 800 1810 855; x_wconf 79' lang='lat' dir='ltr'>perpendiculo</span> 
     </span>
     <span class='ocr_line' id='line_1_10' title="bbox 494 862 1817 920; baseline -0.001 -14"><span class='ocrx_word' id='word_1_70' title='bbox 494 866 748 920; x_wconf 81' lang='lat' dir='ltr'>proximum,</span> <span class='ocrx_word' id='word_1_71' title='bbox 782 873 820 905; x_wconf 80' lang='lat' dir='ltr'>ct</span> <span class='ocrx_word' id='word_1_72' title='bbox 849 865 896 905; x_wconf 89' lang='lat' dir='ltr'>ad</span> <span class='ocrx_word' id='word_1_73' title='bbox 931 864 1024 905; x_wconf 88' lang='lat' dir='ltr'>illud</span> <span class='ocrx_word' id='word_1_74' title='bbox 1058 862 1165 903; x_wconf 70' lang='lat' dir='ltr'>fiicile</span> <span class='ocrx_word' id='word_1_75' title='bbox 1201 863 1456 903; x_wconf 82' lang='lat' dir='ltr'>reducendum</span> <span class='ocrx_word' id='word_1_76' title='bbox 1490 863 1642 905; x_wconf 85' lang='lat' dir='ltr'>seruant.</span> <span class='ocrx_word' id='word_1_77' title='bbox 1701 865 1817 908; x_wconf 85' lang='lat' dir='ltr'>Nihil</span> 
     </span>
     <span class='ocr_line' id='line_1_11' title="bbox 495 927 1814 984; baseline -0.002 -13"><span class='ocrx_word' id='word_1_78' title='bbox 495 931 610 984; x_wconf 86' lang='lat' dir='ltr'>igitur</span> <span class='ocrx_word' id='word_1_79' title='bbox 636 943 688 971; x_wconf 85' lang='lat' dir='ltr'>ex</span> <span class='ocrx_word' id='word_1_80' title='bbox 714 939 821 983; x_wconf 86' lang='lat' dir='ltr'>parte</span> <span class='ocrx_word' id='word_1_81' title='bbox 847 929 935 970; x_wconf 79' lang='lat' dir='ltr'>situs</span> <span class='ocrx_word' id='word_1_82' title='bbox 963 927 1149 980; x_wconf 87' lang='lat' dir='ltr'>impedit,</span> <span class='ocrx_word' id='word_1_83' title='bbox 1186 940 1261 981; x_wconf 89' lang='lat' dir='ltr'>quo</span> <span class='ocrx_word' id='word_1_84' title='bbox 1295 927 1420 968; x_wconf 88' lang='lat' dir='ltr'>minus</span> <span class='ocrx_word' id='word_1_85' title='bbox 1446 929 1596 968; x_wconf 75' lang='lat' dir='ltr'>arterias</span> <span class='ocrx_word' id='word_1_86' title='bbox 1624 942 1713 969; x_wconf 88' lang='lat' dir='ltr'>cum</span> <span class='ocrx_word' id='word_1_87' title='bbox 1743 941 1814 969; x_wconf 79' lang='lat' dir='ltr'>ve-</span> 
     </span>
     <span class='ocr_line' id='line_1_12' title="bbox 497 992 1815 1047; baseline -0.002 -12"><span class='ocrx_word' id='word_1_88' title='bbox 497 995 554 1035; x_wconf 88' lang='lat' dir='ltr'>nis</span> <span class='ocrx_word' id='word_1_89' title='bbox 598 994 664 1035; x_wconf 88' lang='lat' dir='ltr'>suis</span> <span class='ocrx_word' id='word_1_90' title='bbox 698 992 1072 1047; x_wconf 83' lang='lat' dir='ltr'>correspondentibus</span> <span class='ocrx_word' id='word_1_91' title='bbox 1107 1004 1179 1044; x_wconf 90' lang='lat' dir='ltr'>pro</span> <span class='ocrx_word' id='word_1_92' title='bbox 1211 992 1306 1032; x_wconf 86' lang='lat' dir='ltr'>tubis</span> <span class='ocrx_word' id='word_1_93' title='bbox 1341 994 1713 1033; x_wconf 75' lang='lat' dir='ltr'>communicantibus</span> <span class='ocrx_word' id='word_1_94' title='bbox 1745 992 1815 1034; x_wconf 88' lang='lat' dir='ltr'>ha-</span> 
     </span>
     <span class='ocr_line' id='line_1_13' title="bbox 499 1056 1818 1115; baseline -0.003 -15"><span class='ocrx_word' id='word_1_95' title='bbox 499 1059 668 1099; x_wconf 80' lang='lat' dir='ltr'>beamus.</span> <span class='ocrx_word' id='word_1_96' title='bbox 738 1058 984 1115; x_wconf 79' lang='lat' dir='ltr'>Quapropter</span> <span class='ocrx_word' id='word_1_97' title='bbox 1016 1057 1188 1111; x_wconf 81' lang='lat' dir='ltr'>quicquid</span> <span class='ocrx_word' id='word_1_98' title='bbox 1220 1056 1341 1097; x_wconf 87' lang='lat' dir='ltr'>fluido</span> <span class='ocrx_word' id='word_1_99' title='bbox 1376 1057 1493 1096; x_wconf 88' lang='lat' dir='ltr'>cuiuis</span> <span class='ocrx_word' id='word_1_100' title='bbox 1525 1058 1687 1109; x_wconf 84' lang='lat' dir='ltr'>accidit,</span> <span class='ocrx_word' id='word_1_101' title='bbox 1724 1069 1818 1110; x_wconf 86' lang='lat' dir='ltr'>qua-</span> 
     </span>
     <span class='ocr_line' id='line_1_14' title="bbox 499 1120 1822 1176; baseline -0.002 -12"><span class='ocrx_word' id='word_1_102' title='bbox 499 1133 608 1164; x_wconf 87' lang='lat' dir='ltr'>tenus</span> <span class='ocrx_word' id='word_1_103' title='bbox 646 1123 859 1163; x_wconf 87' lang='lat' dir='ltr'>istiusmodi</span> <span class='ocrx_word' id='word_1_104' title='bbox 898 1121 994 1162; x_wconf 86' lang='lat' dir='ltr'>tubis</span> <span class='ocrx_word' id='word_1_105' title='bbox 1036 1122 1274 1162; x_wconf 87' lang='lat' dir='ltr'>continetur:</span> <span class='ocrx_word' id='word_1_106' title='bbox 1327 1120 1365 1160; x_wconf 91' lang='lat' dir='ltr'>id</span> <span class='ocrx_word' id='word_1_107' title='bbox 1398 1133 1520 1162; x_wconf 84' lang='lat' dir='ltr'>omne</span> <span class='ocrx_word' id='word_1_108' title='bbox 1553 1134 1704 1176; x_wconf 80' lang='lat' dir='ltr'>quoque</span> <span class='ocrx_word' id='word_1_109' title='bbox 1737 1120 1822 1161; x_wconf 85' lang='lat' dir='ltr'>san-</span> 
     </span>
     <span class='ocr_line' id='line_1_15' title="bbox 498 1185 1822 1242; baseline -0.001 -15"><span class='ocrx_word' id='word_1_110' title='bbox 498 1188 603 1242; x_wconf 87' lang='lat' dir='ltr'>guini</span> <span class='ocrx_word' id='word_1_111' title='bbox 636 1187 803 1228; x_wconf 86' lang='lat' dir='ltr'>accidere</span> <span class='ocrx_word' id='word_1_112' title='bbox 834 1197 988 1227; x_wconf 91' lang='lat' dir='ltr'>eatenus</span> <span class='ocrx_word' id='word_1_113' title='bbox 1019 1185 1155 1227; x_wconf 87' lang='lat' dir='ltr'>debere</span> <span class='ocrx_word' id='word_1_114' title='bbox 1188 1185 1330 1227; x_wconf 83' lang='lat' dir='ltr'>neceffe</span> <span class='ocrx_word' id='word_1_115' title='bbox 1356 1185 1425 1225; x_wconf 84' lang='lat' dir='ltr'>est.</span> <span class='ocrx_word' id='word_1_116' title='bbox 1495 1187 1618 1240; x_wconf 86' lang='lat' dir='ltr'>Atqui</span> <span class='ocrx_word' id='word_1_117' title='bbox 1656 1188 1695 1226; x_wconf 90' lang='lat' dir='ltr'>in</span> <span class='ocrx_word' id='word_1_118' title='bbox 1725 1185 1822 1227; x_wconf 84' lang='lat' dir='ltr'>tubis</span> 
     </span>
     <span class='ocr_line' id='line_1_16' title="bbox 501 1251 1822 1305; baseline -0.002 -12"><span class='ocrx_word' id='word_1_119' title='bbox 501 1252 874 1294; x_wconf 83' lang='lat' dir='ltr'>communicantibus</span> <span class='ocrx_word' id='word_1_120' title='bbox 914 1251 1032 1292; x_wconf 81' lang='lat' dir='ltr'>fluida</span> <span class='ocrx_word' id='word_1_121' title='bbox 1073 1251 1246 1305; x_wconf 83' lang='lat' dir='ltr'>vtrinque</span> <span class='ocrx_word' id='word_1_122' title='bbox 1286 1251 1332 1291; x_wconf 89' lang='lat' dir='ltr'>ad</span> <span class='ocrx_word' id='word_1_123' title='bbox 1364 1251 1599 1294; x_wconf 85' lang='lat' dir='ltr'>altitudinem</span> <span class='ocrx_word' id='word_1_124' title='bbox 1634 1252 1681 1292; x_wconf 86' lang='lat' dir='ltr'>ab</span> <span class='ocrx_word' id='word_1_125' title='bbox 1713 1251 1822 1292; x_wconf 86' lang='lat' dir='ltr'>hori-</span> 
     </span>
     <span class='ocr_line' id='line_1_17' title="bbox 502 1316 1821 1374; baseline -0.002 -15"><span class='ocrx_word' id='word_1_126' title='bbox 502 1327 621 1359; x_wconf 86' lang='lat' dir='ltr'>zonte</span> <span class='ocrx_word' id='word_1_127' title='bbox 657 1317 695 1357; x_wconf 90' lang='lat' dir='ltr'>in</span> <span class='ocrx_word' id='word_1_128' title='bbox 727 1318 874 1358; x_wconf 86' lang='lat' dir='ltr'>ratione</span> <span class='ocrx_word' id='word_1_129' title='bbox 904 1316 1129 1358; x_wconf 84' lang='lat' dir='ltr'>denfitatum</span> <span class='ocrx_word' id='word_1_130' title='bbox 1166 1316 1305 1357; x_wconf 77' lang='lat' dir='ltr'>inuersa</span> <span class='ocrx_word' id='word_1_131' title='bbox 1337 1316 1564 1368; x_wconf 80' lang='lat' dir='ltr'>distantem,</span> <span class='ocrx_word' id='word_1_132' title='bbox 1601 1317 1637 1356; x_wconf 81' lang='lat' dir='ltr'>vi</span> <span class='ocrx_word' id='word_1_133' title='bbox 1672 1316 1821 1374; x_wconf 86' lang='lat' dir='ltr'>ponde-</span> 
     </span>
     <span class='ocr_line' id='line_1_18' title="bbox 504 1380 1823 1436; baseline -0.002 -13"><span class='ocrx_word' id='word_1_134' title='bbox 504 1383 555 1423; x_wconf 86' lang='lat' dir='ltr'>ris</span> <span class='ocrx_word' id='word_1_135' title='bbox 587 1382 801 1436; x_wconf 83' lang='lat' dir='ltr'>quiescunt:</span> <span class='ocrx_word' id='word_1_136' title='bbox 849 1380 949 1421; x_wconf 85' lang='lat' dir='ltr'>nulla</span> <span class='ocrx_word' id='word_1_137' title='bbox 984 1381 1095 1433; x_wconf 88' lang='lat' dir='ltr'>igitur</span> <span class='ocrx_word' id='word_1_138' title='bbox 1124 1381 1180 1421; x_wconf 83' lang='lat' dir='ltr'>est</span> <span class='ocrx_word' id='word_1_139' title='bbox 1214 1382 1336 1430; x_wconf 76' lang='lat' dir='ltr'>ratio,</span> <span class='ocrx_word' id='word_1_140' title='bbox 1370 1393 1484 1433; x_wconf 86' lang='lat' dir='ltr'>quare</span> <span class='ocrx_word' id='word_1_141' title='bbox 1517 1381 1659 1434; x_wconf 76' lang='lat' dir='ltr'>languis</span> <span class='ocrx_word' id='word_1_142' title='bbox 1691 1381 1823 1434; x_wconf 71' lang='lat' dir='ltr'>politis</span> 
     </span>
     <span class='ocr_line' id='line_1_19' title="bbox 505 1440 1822 1498; baseline -0.003 -11"><span class='ocrx_word' id='word_1_143' title='bbox 505 1447 664 1497; x_wconf 79' lang='lat' dir='ltr'>iisdem,</span> <span class='ocrx_word' id='word_1_144' title='bbox 711 1445 976 1498; x_wconf 85' lang='lat' dir='ltr'>aequilibrium</span> <span class='ocrx_word' id='word_1_145' title='bbox 1010 1443 1133 1485; x_wconf 81' lang='lat' dir='ltr'>simile</span> <span class='ocrx_word' id='word_1_146' title='bbox 1166 1456 1244 1484; x_wconf 90' lang='lat' dir='ltr'>non</span> <span class='ocrx_word' id='word_1_147' title='bbox 1276 1440 1435 1485; x_wconf 74' lang='lat' dir='ltr'>seruet?</span> <span class='ocrx_word' id='word_1_148' title='bbox 1488 1444 1639 1486; x_wconf 85' lang='lat' dir='ltr'>Eadem</span> <span class='ocrx_word' id='word_1_149' title='bbox 1674 1445 1822 1485; x_wconf 81' lang='lat' dir='ltr'>ratione</span> 
     </span>
     <span class='ocr_line' id='line_1_20' title="bbox 505 1507 1822 1564; baseline -0.002 -13"><span class='ocrx_word' id='word_1_150' title='bbox 505 1510 648 1564; x_wconf 81' lang='lat' dir='ltr'>sanguis</span> <span class='ocrx_word' id='word_1_151' title='bbox 679 1521 730 1550; x_wconf 87' lang='lat' dir='ltr'>ex</span> <span class='ocrx_word' id='word_1_152' title='bbox 763 1510 854 1550; x_wconf 89' lang='lat' dir='ltr'>tubo</span> <span class='ocrx_word' id='word_1_153' title='bbox 887 1508 1060 1549; x_wconf 87' lang='lat' dir='ltr'>breuiore</span> <span class='ocrx_word' id='word_1_154' title='bbox 1096 1507 1239 1558; x_wconf 81' lang='lat' dir='ltr'>effluit,</span> <span class='ocrx_word' id='word_1_155' title='bbox 1277 1507 1304 1549; x_wconf 80' lang='lat' dir='ltr'>sl</span> <span class='ocrx_word' id='word_1_156' title='bbox 1338 1508 1491 1561; x_wconf 82' lang='lat' dir='ltr'>longior</span> <span class='ocrx_word' id='word_1_157' title='bbox 1523 1510 1619 1549; x_wconf 75' lang='lat' dir='ltr'>vltra</span> <span class='ocrx_word' id='word_1_158' title='bbox 1653 1509 1822 1550; x_wconf 83' lang='lat' dir='ltr'>libellam</span> 
     </span>
     <span class='ocr_line' id='line_1_21' title="bbox 507 1572 1824 1630; baseline -0.001 -14"><span class='ocrx_word' id='word_1_159' title='bbox 507 1576 684 1630; x_wconf 83' lang='lat' dir='ltr'>repletur.</span> <span class='ocrx_word' id='word_1_160' title='bbox 751 1572 937 1616; x_wconf 88' lang='lat' dir='ltr'>Similiter</span> <span class='ocrx_word' id='word_1_161' title='bbox 969 1574 1009 1614; x_wconf 94' lang='lat' dir='ltr'>in</span> <span class='ocrx_word' id='word_1_162' title='bbox 1042 1573 1132 1614; x_wconf 90' lang='lat' dir='ltr'>tubo</span> <span class='ocrx_word' id='word_1_163' title='bbox 1166 1574 1477 1614; x_wconf 80' lang='lat' dir='ltr'>communicante</span> <span class='ocrx_word' id='word_1_164' title='bbox 1512 1572 1659 1614; x_wconf 79' lang='lat' dir='ltr'>inucrfo</span> <span class='ocrx_word' id='word_1_165' title='bbox 1693 1574 1824 1616; x_wconf 81' lang='lat' dir='ltr'>(mnia</span> 
     </span>
     <span class='ocr_line' id='line_1_22' title="bbox 507 1637 1787 1692; baseline 0.002 -12"><span class='ocrx_word' id='word_1_166' title='bbox 507 1639 541 1681; x_wconf 90' lang='lat' dir='ltr'>se</span> <span class='ocrx_word' id='word_1_167' title='bbox 567 1640 706 1682; x_wconf 86' lang='lat' dir='ltr'>habent</span> <span class='ocrx_word' id='word_1_168' title='bbox 731 1650 821 1681; x_wconf 88' lang='lat' dir='ltr'>cum</span> <span class='ocrx_word' id='word_1_169' title='bbox 849 1639 1044 1692; x_wconf 85' lang='lat' dir='ltr'>sanguine,</span> <span class='ocrx_word' id='word_1_170' title='bbox 1082 1638 1137 1679; x_wconf 88' lang='lat' dir='ltr'>vti</span> <span class='ocrx_word' id='word_1_171' title='bbox 1162 1650 1253 1679; x_wconf 92' lang='lat' dir='ltr'>cum</span> <span class='ocrx_word' id='word_1_172' title='bbox 1272 1637 1354 1679; x_wconf 85' lang='lat' dir='ltr'>aliis</span> <span class='ocrx_word' id='word_1_173' title='bbox 1373 1638 1496 1680; x_wconf 77' lang='lat' dir='ltr'>fluidis</span> <span class='ocrx_word' id='word_1_174' title='bbox 1516 1640 1639 1681; x_wconf 89' lang='lat' dir='ltr'>modo</span> <span class='ocrx_word' id='word_1_175' title='bbox 1658 1638 1787 1682; x_wconf 78' lang='lat' dir='ltr'>simili.</span> 
     </span>
    </p>
   </div>
   <div class='ocr_carea' id='block_1_5' title="bbox 513 1764 1829 2277">
    <p class='ocr_par' dir='ltr' id='par_1_5' title="bbox 513 1764 1829 2217">
     <span class='ocr_line' id='line_1_23' title="bbox 632 1764 1828 1824; baseline -0.002 -11"><span class='ocrx_word' id='word_1_176' title='bbox 632 1764 671 1813; x_wconf 82' lang='lat'>§.</span> <span class='ocrx_word' id='word_1_177' title='bbox 711 1782 782 1810; x_wconf 89' lang='lat'>10.</span> <span class='ocrx_word' id='word_1_178' title='bbox 838 1767 954 1811; x_wconf 89' lang='lat' dir='ltr'>Nihil</span> <span class='ocrx_word' id='word_1_179' title='bbox 985 1769 1097 1823; x_wconf 84' lang='lat' dir='ltr'>igitur</span> <span class='ocrx_word' id='word_1_180' title='bbox 1130 1775 1263 1822; x_wconf 84' lang='lat' dir='ltr'>peccat</span> <span class='ocrx_word' id='word_1_181' title='bbox 1289 1766 1539 1819; x_wconf 74' lang='lat' dir='ltr'>Guilielmim·‚</span> <span class='ocrx_word' id='word_1_182' title='bbox 1572 1769 1666 1811; x_wconf 92' lang='lat' dir='ltr'>dum</span> <span class='ocrx_word' id='word_1_183' title='bbox 1700 1770 1828 1824; x_wconf 80' lang='lat' dir='ltr'>aequi-</span> 
     </span>
     <span class='ocr_line' id='line_1_24' title="bbox 513 1833 1827 1889; baseline -0.002 -12"><span class='ocrx_word' id='word_1_184' title='bbox 513 1835 666 1877; x_wconf 83' lang='lat' dir='ltr'>librium</span> <span class='ocrx_word' id='word_1_185' title='bbox 700 1834 880 1888; x_wconf 85' lang='lat' dir='ltr'>sanguinis</span> <span class='ocrx_word' id='word_1_186' title='bbox 907 1847 958 1876; x_wconf 87' lang='lat' dir='ltr'>ex</span> <span class='ocrx_word' id='word_1_187' title='bbox 986 1833 1190 1888; x_wconf 77' lang='lat' dir='ltr'>siphonum</span> <span class='ocrx_word' id='word_1_188' title='bbox 1224 1835 1484 1875; x_wconf 82' lang='lat' dir='ltr'>conuenientia</span> <span class='ocrx_word' id='word_1_189' title='bbox 1513 1834 1684 1877; x_wconf 86' lang='lat' dir='ltr'>adstruit:</span> <span class='ocrx_word' id='word_1_190' title='bbox 1721 1836 1827 1889; x_wconf 86' lang='lat' dir='ltr'>quic-</span> 
     </span>
     <span class='ocr_line' id='line_1_25' title="bbox 513 1896 1826 1955; baseline -0.002 -13"><span class='ocrx_word' id='word_1_191' title='bbox 513 1901 604 1955; x_wconf 88' lang='lat' dir='ltr'>quid</span> <span class='ocrx_word' id='word_1_192' title='bbox 637 1900 894 1941; x_wconf 83' lang='lat' dir='ltr'>contradicant</span> <span class='ocrx_word' id='word_1_193' title='bbox 924 1907 1143 1952; x_wconf 84' lang='lat' dir='ltr'>argumcnta</span> <span class='ocrx_word' id='word_1_194' title='bbox 1171 1896 1364 1953; x_wconf 62' lang='lat' dir='ltr'>Pac-queri,</span> <span class='ocrx_word' id='word_1_195' title='bbox 1398 1912 1492 1953; x_wconf 88' lang='lat' dir='ltr'>quae</span> <span class='ocrx_word' id='word_1_196' title='bbox 1527 1899 1711 1946; x_wconf 69' lang='lat' dir='ltr'>(conceflh</span> <span class='ocrx_word' id='word_1_197' title='bbox 1740 1910 1826 1941; x_wconf 88' lang='lat' dir='ltr'>tan-</span> 
     </span>
     <span class='ocr_line' id='line_1_26' title="bbox 514 1963 1825 2019; baseline 0.001 -14"><span class='ocrx_word' id='word_1_198' title='bbox 514 1966 626 2019; x_wconf 86' lang='lat' dir='ltr'>tisper</span> <span class='ocrx_word' id='word_1_199' title='bbox 658 1964 812 2006; x_wconf 87' lang='lat' dir='ltr'>illorum</span> <span class='ocrx_word' id='word_1_200' title='bbox 847 1964 1033 2013; x_wconf 85' lang='lat' dir='ltr'>veritate)</span> <span class='ocrx_word' id='word_1_201' title='bbox 1077 1972 1161 2003; x_wconf 88' lang='lat' dir='ltr'>tum</span> <span class='ocrx_word' id='word_1_202' title='bbox 1197 1963 1355 2004; x_wconf 84' lang='lat' dir='ltr'>demum</span> <span class='ocrx_word' id='word_1_203' title='bbox 1390 1963 1455 2004; x_wconf 83' lang='lat' dir='ltr'>suo</span> <span class='ocrx_word' id='word_1_204' title='bbox 1489 1965 1627 2006; x_wconf 85' lang='lat' dir='ltr'>starent</span> <span class='ocrx_word' id='word_1_205' title='bbox 1657 1965 1825 2015; x_wconf 86' lang='lat' dir='ltr'>robore,</span> 
     </span>
     <span class='ocr_line' id='line_1_27' title="bbox 515 2028 1826 2083; baseline -0.003 -11"><span class='ocrx_word' id='word_1_206' title='bbox 515 2031 544 2072; x_wconf 87' lang='lat' dir='ltr'>fi</span> <span class='ocrx_word' id='word_1_207' title='bbox 574 2030 774 2083; x_wconf 86' lang='lat' dir='ltr'>grauitatio</span> <span class='ocrx_word' id='word_1_208' title='bbox 806 2028 983 2082; x_wconf 87' lang='lat' dir='ltr'>sanguinis</span> <span class='ocrx_word' id='word_1_209' title='bbox 1012 2040 1086 2082; x_wconf 92' lang='lat' dir='ltr'>pro</span> <span class='ocrx_word' id='word_1_210' title='bbox 1120 2028 1202 2069; x_wconf 88' lang='lat' dir='ltr'>solo</span> <span class='ocrx_word' id='word_1_211' title='bbox 1236 2029 1425 2082; x_wconf 86' lang='lat' dir='ltr'>principio</span> <span class='ocrx_word' id='word_1_212' title='bbox 1455 2037 1605 2078; x_wconf 77' lang='lat' dir='ltr'>motuS,</span> <span class='ocrx_word' id='word_1_213' title='bbox 1643 2042 1721 2069; x_wconf 88' lang='lat' dir='ltr'>non</span> <span class='ocrx_word' id='word_1_214' title='bbox 1758 2041 1826 2069; x_wconf 84' lang='lat' dir='ltr'>au-</span> 
     </span>
     <span class='ocr_line' id='line_1_28' title="bbox 515 2092 1825 2149; baseline -0.002 -14"><span class='ocrx_word' id='word_1_215' title='bbox 515 2105 598 2135; x_wconf 88' lang='lat' dir='ltr'>tem</span> <span class='ocrx_word' id='word_1_216' title='bbox 632 2106 703 2149; x_wconf 88' lang='lat' dir='ltr'>pro</span> <span class='ocrx_word' id='word_1_217' title='bbox 736 2094 956 2134; x_wconf 84' lang='lat' dir='ltr'>adiumento</span> <span class='ocrx_word' id='word_1_218' title='bbox 987 2102 1136 2134; x_wconf 84' lang='lat' dir='ltr'>tantum</span> <span class='ocrx_word' id='word_1_219' title='bbox 1170 2094 1435 2134; x_wconf 81' lang='lat' dir='ltr'>venditaretur.</span> <span class='ocrx_word' id='word_1_220' title='bbox 1533 2092 1681 2133; x_wconf 89' lang='lat' dir='ltr'>Verum</span> <span class='ocrx_word' id='word_1_221' title='bbox 1716 2093 1825 2133; x_wconf 88' lang='lat' dir='ltr'>enim</span> 
     </span>
     <span class='ocr_line' id='line_1_29' title="bbox 517 2157 1829 2217; baseline -0.004 -15"><span class='ocrx_word' id='word_1_222' title='bbox 517 2171 613 2202; x_wconf 75' lang='lat' dir='ltr'>vero</span> <span class='ocrx_word' id='word_1_223' title='bbox 646 2159 760 2201; x_wconf 85' lang='lat' dir='ltr'>nimis</span> <span class='ocrx_word' id='word_1_224' title='bbox 793 2170 973 2217; x_wconf 84' lang='lat' dir='ltr'>praeceps</span> <span class='ocrx_word' id='word_1_225' title='bbox 1006 2158 1104 2202; x_wconf 86' lang='lat' dir='ltr'>mihi</span> <span class='ocrx_word' id='word_1_226' title='bbox 1136 2159 1283 2203; x_wconf 83' lang='lat' dir='ltr'>videtur</span> <span class='ocrx_word' id='word_1_227' title='bbox 1313 2167 1352 2201; x_wconf 88' lang='lat' dir='ltr'>et</span> <span class='ocrx_word' id='word_1_228' title='bbox 1383 2159 1509 2201; x_wconf 89' lang='lat' dir='ltr'>minus</span> <span class='ocrx_word' id='word_1_229' title='bbox 1541 2157 1711 2213; x_wconf 82' lang='lat' dir='ltr'>legitima</span> <span class='ocrx_word' id='word_1_230' title='bbox 1743 2157 1829 2198; x_wconf 86' lang='lat' dir='ltr'>illa-</span> 
     </span>
    </p>

    <p class='ocr_par' dir='ltr' id='par_1_6' title="bbox 1743 2231 1823 2277">
     <span class='ocr_line' id='line_1_30' title="bbox 1743 2231 1823 2277; baseline -0.025 -11"><span class='ocrx_word' id='word_1_231' title='bbox 1743 2231 1823 2277; x_wconf 73' lang='lat' dir='ltr'>tto,</span> 
     </span>
    </p>
   </div>
  </div>
 </body>
</html>
