2014 2761
315 187 767 241 COGITATIONES
800 183 1299 238 PHYSIOLOGICAE.
1371 208 1462 248 293

654 320 850 380 Se&io
891 340 947 385 2-

460 421 530 467 De
563 421 710 465 afflone
741 429 780 465 et
813 423 962 465 viribus
996 419 1149 466 Cordis.

259 527 290 577 ξ.
334 537 406 576 19.
475 522 585 564 Dum
619 524 657 564 in
691 523 877 571 cauffiim,
913 536 1008 577 quae
1041 524 1258 579 sanguinem
1292 539 1343 569 ex
1374 541 1463 571 cor-

140 592 188 634 de
215 590 394 645 expellit,
430 590 668 643 inquirimus:
706 586 835 628 sedulo
859 588 1077 635 abstinebO,
1117 603 1164 630 ne
1189 593 1463 636 considerando

140 665 343 700 momenta
385 654 660 709 hypothesium
699 654 946 708 explosarum
987 654 1034 694 de
1067 655 1298 697 ebullutione
1320 689 1331 709 ,
1385 661 1462 700 ser-

137 723 399 771 mentatione,
432 720 637 762 flammula
662 721 787 760 cordis
818 730 891 760 etc.
927 730 1078 773 tempus
1107 722 1285 763 inutiliier
1312 734 1459 777 teram,

137 789 238 842 quod
272 786 532 828 meditationis
563 797 683 839 genus
715 798 788 839 pro
821 796 983 840 peccato
1014 784 1287 841 philosophico
1311 789 1462 843 semper

137 852 356 895 habendum
388 851 493 892 duxi.
561 849 631 892 Est
662 851 767 890 enim
803 852 941 892 modus
973 850 1066 891 alius
1097 854 1221 906 magis
1252 856 1460 906 rationalis,

135 918 198 971 qui
233 917 439 957 accuratius
469 915 635 972 expendi
665 925 835 957 meretur
853 947 867 968 ‚
912 925 953 957 et
985 917 1048 970 qui
1079 916 1119 957 in
1151 919 1304 959 actione
1336 921 1463 962 cordis

135 981 319 1024 consistit.

254 1094 295 1144 ξ.
333 1111 405 1141 20.
459 1095 602 1143 Cordis
635 1107 764 1142 autem
799 1099 898 1142 αέῖῐο
930 1097 1006 1141 hac
1037 1100 1115 1142 fere
1150 1102 1299 1144 ratione
1326 1103 1359 1145 se
1386 1104 1460 1147 ha-

133 1165 219 1217 bet,
253 1175 296 1206 vt
318 1165 619 1207 ventriculorum
640 1166 781 1216 latera,
819 1167 949 1220 quibus
974 1167 1150 1208 cauitates
1175 1168 1276 1209 illius
1301 1170 1347 1210 ad
1376 1171 1460 1224 ple-

130 1231 343 1272 nitudinem
380 1242 495 1284 Vsque
527 1231 691 1285 repletae
727 1232 1002 1281 terminantur,
1035 1233 1191 1285 propius
1212 1235 1258 1273 ad
1286 1234 1321 1273 se
1349 1247 1458 1275 acce-

132 1297 244 1347 dant,
291 1304 330 1336 et
361 1294 498 1336 harum
530 1296 696 1350 ipsarum
727 1296 933 1336 cauitatum
970 1297 1223 1349 capacitatem
1257 1298 1456 1342 minorem

132 1361 325 1412 efficiant,
360 1373 478 1415 quam
510 1370 552 1401 vt
583 1361 736 1414 pristina
770 1360 957 1414 sanguinis
979 1363 1158 1414 quantitas
1183 1363 1221 1402 in
1249 1363 1324 1404 illis
1357 1377 1456 1407 con..

129 1427 239 1467 tineri
271 1436 405 1480 queatt
438 1426 540 1465 cuius
567 1425 723 1464 effectus
750 1426 865 1478 igitur
892 1426 1092 1479 proximus
1117 1426 1180 1467 ifle
1209 1428 1282 1476 est,
1321 1438 1366 1469 vt
1391 1431 1455 1481 icl,

129 1491 229 1546 quod
261 1490 450 1532 contineri
485 1502 564 1532 non
595 1489 748 1546 potest,
780 1500 892 1532 extra
917 1490 1098 1533 cauitates
1121 1492 1245 1534 cordis
1273 1492 1458 1537 aliorsum

129 1557 382 1613 exprimatur.

244 1679 277 1728 (5.
317 1692 388 1721 21.
455 1676 562 1718 Haec
598 1676 757 1719 amonis
794 1675 879 1717 idea
912 1675 961 1726 ((5.
989 1678 1085 1726 20.)
1118 1688 1196 1717 non
1231 1677 1298 1719 nifi
1330 1679 1456 1734 phae-

131 1743 307 1783 nomenis
347 1742 590 1798 superstrutsta
626 1756 647 1784 a
680 1742 836 1783 nemine
880 1741 919 1780 in
956 1741 1113 1782 dubium
1151 1753 1338 1786 vocatur:
1392 1746 1452 1790 sed

128 1818 179 1847 ex
212 1807 356 1848 diuerso
391 1807 646 1849 considerandi
679 1808 805 1850 modo
837 1806 1001 1848 diuersae
1033 1820 1181 1862 quoque
1215 1808 1452 1852 aestimatio..

128 1884 197 1912 nes
233 1872 376 1914 virium
423 1871 532 1913 illam
573 1874 769 1914 actionem
812 1872 1105 1926 producentium
1146 1873 1306 1915 obortae
1342 1875 1446 1929 sunt,

127 1949 214 1991 quas
242 1936 322 1979 Eitis
348 1936 531 1992 graphice
558 1935 707 1979 Iurinus
734 1938 974 1992 perstrinxit,
1008 1951 1245 1993 quarumque
1281 1939 1449 1984 defedius

127 2004 348 2057 praecipuos
390 2002 587 2044 indicauit.
698 1999 881 2045 Ceterum
925 2003 954 2046 sl
994 2005 1110 2060 nostra
1152 2004 1359 2047 methodus
1399 2007 1449 2050 ad

124 2068 326 2109 veritatem
360 2078 400 2109 et
432 2077 605 2109 naturam
641 2068 763 2121 magis
797 2069 1015 2121 accesserit,
1067 2068 1225 2112 aliorum
1257 2070 1449 2115 sententiis

126 2131 352 2177 damnandis
377 2147 422 2176 ac
447 2132 649 2177 refutandis
673 2133 878 2177 immorari
902 2147 954 2177 eo
978 2135 1059 2192 ipso
1077 2134 1407 2191 supersedebimus.

1292 2259 1328 2308 5.
1365 2277 1441 2310 22,
