2014 2761
492 217 582 254 216
647 203 1071 255 CONTINVATIO
1108 203 1617 252 OBSERVATIONVM

849 332 1457 395 CONTINVATIO

698 436 1620 525 OBSERVATIONVM

522 566 1786 669 ANATOMICARVM.

1035 716 1278 753 AVCTORE

791 776 910 840 Ioh.
949 773 1161 860 Georg.
1195 774 1299 838 Du
1335 774 1525 840 Vernoi.

1073 939 1163 996 Obs
1201 956 1242 983 1.

676 1041 720 1085 D
750 1040 850 1082 Offis
880 1040 1066 1093 Hyoidis‚
1103 1042 1206 1095 quod
1239 1042 1279 1082 in
1311 1050 1444 1093 cantu,
1478 1039 1652 1094 loquela,
1685 1049 1723 1082 et
1754 1044 1823 1083 de-

709 1106 909 1160 glutitione
922 1137 932 1155 ,
961 1105 1060 1147 haud
1080 1107 1274 1147 momenti
1293 1119 1432 1161 expers
1451 1105 1505 1147 est
1519 1137 1529 1156 ,
1551 1105 1822 1158 perfec‘tiorem

713 1171 916 1221 notitiam,
954 1183 1094 1224 operae
1127 1173 1295 1224 pretium
1328 1171 1402 1221 est,
1446 1170 1655 1222 inquirere,
1699 1183 1818 1219 num,

505 1241 549 1273 vt
581 1232 644 1273 hic
678 1234 732 1274 est
763 1234 1025 1285 obseruatum,
1061 1235 1180 1275 ambo
1206 1237 1284 1275 eius
1311 1233 1464 1275 Cornua
1491 1233 1561 1274 sint
1589 1230 1824 1287 inaequalia?

506 1310 603 1338 num
632 1310 681 1339 eo
709 1299 748 1339 in
774 1299 855 1340 casu
880 1331 890 1350 ‚
928 1299 965 1339 id
994 1312 1014 1339 e
1042 1299 1225 1340 constanti
1253 1298 1422 1340 Naturae
1449 1298 1640 1350 instituto,
1676 1312 1723 1339 an
1750 1312 1827 1354 po-

505 1363 578 1402 tius
596 1375 647 1403 ex
666 1363 838 1404 Naturae
866 1364 1005 1407 diuersa
1033 1365 1219 1417 operandi
1237 1365 1385 1404 ratione
1404 1364 1450 1403 de
1470 1377 1541 1416 qua
1561 1365 1637 1403 vid.
1660 1360 1824 1418 Aduers-

509 1424 636 1469 Anat.
665 1440 706 1465 1.
732 1424 944 1467 Animadu.
971 1431 1040 1465 28.
1064 1433 1102 1466 et
1123 1423 1281 1479 Aduerf
1308 1439 1345 1464 2.
1370 1427 1500 1466 Anim.
1528 1440 1599 1475 29.
1669 1426 1827 1480 Species

507 1489 688 1544 profeeto
720 1490 944 1543 diiparitatis
976 1487 1177 1530 Cornuum
1210 1489 1307 1529 Ossis
1331 1489 1512 1540 Hyoidis‚
1550 1490 1588 1528 in
1623 1492 1734 1531 variis
1765 1505 1830 1532 ca-

507 1554 724 1603 daueribus,
760 1554 859 1594 hlud
887 1554 1009 1595 solum
1038 1554 1143 1608 super
1170 1555 1233 1594 diu
1261 1554 1435 1594 afferunt-,1
1463 1564 1501 1592 et
1529 1553 1706 1595 exsiccata
1723 1587 1732 1605 ‚
1766 1556 1828 1597 sed

509 1621 629 1658 etiam
656 1620 818 1659 recentia
847 1628 885 1658 et
911 1619 1053 1668 cruda,
1091 1620 1235 1660 leuiore
1270 1629 1396 1659 tamen
1430 1619 1468 1657 in
1504 1617 1563 1658 his
1595 1619 1828 1673 discrimine,

511 1684 713 1726 manifesto
745 1683 798 1724 est
831 1684 1049 1724 obseruata:
1101 1684 1313 1724 constanter
1348 1683 1475 1732 enim,
1510 1684 1649 1723 eodem
1690 1684 1830 1738 latere,

510 1748 693 1789 videlicet
729 1748 865 1788 dextro
887 1780 897 1799 ,
942 1761 1060 1789 cornu
1093 1749 1238 1790 breuius
1269 1757 1306 1788 et
1338 1747 1594 1800 contiudtius,
1641 1749 1830 1791 sinistrum

514 1814 665 1867 longius
696 1812 749 1853 est
782 1812 918 1853 visum.

634 1939 724 1997 Obs
755 1956 792 1982 2.
851 1940 914 1984 De
934 1941 1065 1984 Due'm
1094 1943 1223 1995 insigni
1245 1942 1476 1997 Appendicis
1495 1939 1749 1985 Glandulofiie
1775 1943 1831 1985 su-

516 2020 583 2062 per
601 2008 849 2058 Tiiyroidem
874 2008 1131 2060 cartilaginem
1159 2009 1319 2062 positae,
1356 2007 1417 2047 hic
1443 2021 1569 2048 rarum
1600 2009 1828 2061 exemplum

518 2073 572 2112 est
603 2072 789 2111 oblatum.
875 2071 910 2112 Is
944 2084 1023 2112 erat
1059 2075 1108 2114 ita
1143 2074 1275 2126 plenus
1306 2082 1345 2112 et
1377 2072 1551 2111 distentus
1572 2103 1582 2120 ,
1628 2082 1670 2112 vt
1705 2073 1831 2113 crnffi-

518 2137 613 2176 tiem
651 2136 757 2186 digiti
798 2147 1035 2190 exaequaret.
1121 2137 1264 2191 Liquor
1305 2137 1483 2176 albumen
1529 2137 1591 2174 oui
1632 2137 1831 2177 referebat.

524 2198 745 2251 Caeterum,
779 2210 964 2255 vtcunque
994 2215 1036 2242 eu
1064 2203 1111 2242 de
1138 2216 1178 2242 re
1208 2202 1277 2252 sit,
1316 2200 1462 2243 tametsi
1492 2200 1622 2241 duetus
1651 2214 1693 2242 ac
1719 2215 1832 2256 prae-

1736 2267 1830 2308 fatus
