2014 2761
350 160 438 212 ΕΤ
466 160 754 212 FRIGORIS
789 160 983 227 AQVAE
1016 160 1346 210 FLVENTIS.
1417 174 1503 221 265

190 288 357 345 amplius
391 301 484 343 aqua
516 296 672 339 manet,
706 286 767 328 sed
802 288 841 328 in
874 287 1038 342 glaciem
1075 287 1326 339 conuertitur,
1361 297 1399 329 ct
1431 289 1520 343 qui-

190 359 283 397 dem
318 354 537 396 breuiffimo
571 355 756 409 temporis
791 352 943 409 spati03
999 366 1077 394 non
1109 354 1214 394 enim
1252 367 1345 408 aqua
1381 354 1515 396 sensim

189 419 396 475 lensimque
422 421 666 474 compaffior
695 418 770 470 fit,
806 428 846 459 et
862 418 1108 473 congelascit,
1146 421 1201 460 vti
1229 419 1300 460 alia
1328 421 1514 474 quaedam

190 486 350 540 liquida,
390 494 432 525 vt
464 497 575 535 cera,
610 485 746 538 adeps,
798 493 838 524 et
872 485 1005 524 omnia
1042 484 1142 525 olea.
1226 484 1517 527 Detcrminauit

189 549 277 593 Cel.
316 547 516 592 Rom-haue
550 550 588 589 in
623 547 795 600 Chymia
827 548 887 589 sua
923 548 1022 588 hunc
1055 550 1213 602 gradum
1238 581 1249 601 ,
1305 552 1353 591 ad
1386 551 1517 592 altitu-

188 618 319 658 dinem
341 615 525 655 Mercurii
554 615 593 654 in
621 613 874 654 instrumento
893 612 933 655 F
935 611 1224 655 abrenheitiano
1246 628 1304 668 gr.
1331 629 1388 666 32
1403 643 1420 648 -
1435 630 1512 667 33.

188 681 227 722 in
259 680 512 721 instrumento
545 679 676 720 nostro
711 689 840 720 autem
874 679 1059 719 indicatur
1091 691 1147 733 gr.
1190 691 1289 730 152.
1333 681 1397 735 qui
1431 682 1515 735 qui-

188 747 280 788 dem
309 746 442 799 gradus
468 757 583 800 quam
613 744 797 798 proxime
824 744 922 784 inter
950 744 985 783 se
1012 745 1272 795 concordant,
1310 746 1514 800 postquam

186 812 391 868 proportio
417 811 515 850 inter
533 808 843 852 Boerhauianum
868 817 906 848 et
933 808 1105 850 nostrum
1132 810 1426 852 instrumentum
1456 813 1517 852 in-

186 877 333 929 notuit3
369 884 408 914 et
425 875 508 928 quia
527 875 566 913 in
587 874 717 914 nostro
737 873 1050 914 Thermometro
1070 876 1276 916 mercurius
1296 878 1334 916 in
1358 889 1513 917 10000

185 949 309 996 partes
342 939 512 993 aequales
544 938 679 979 diuisus
711 939 784 979 effe
828 939 1081 994 supponitur:
1134 939 1294 995 sequitur
1326 943 1512 984 volumen

184 1005 366 1047 mercurii
390 1006 429 1046 in
451 1018 545 1060 aqua
575 1004 743 1046 feruente
770 1005 842 1046 effe
868 1005 915 1046 ad
939 1006 1109 1047 eiusdem
1133 1006 1322 1049 volumen
1348 1008 1389 1049 in
1417 1019 1510 1064 aqua

181 1069 411 1127 gelascente,
447 1080 490 1114 vt
529 1083 709 1114 10000:
754 1083 898 1124 9848.
934 1074 1114 1125 (9850.)

333 1195 560 1238 Necessario
588 1196 703 1252 igitur
734 1210 851 1252 aquae
884 1197 1003 1239 fluens
1035 1197 1098 1239 sub
1133 1198 1256 1251 glacie
1286 1196 1385 1240 hunc
1419 1211 1514 1241 eun·

185 1262 280 1305 dem
323 1261 503 1302 infimum
546 1263 708 1315 gradum
742 1263 880 1303 caloris
912 1263 1126 1303 constanter
1159 1262 1366 1305 conseruat.
1464 1263 1512 1307 Id

186 1328 341 1382 quidem
376 1327 456 1366 iam
490 1339 590 1368 nunc
623 1339 675 1368 ex
702 1327 964 1369 obseruatione
994 1327 1201 1369 luculenter
1233 1328 1409 1384 constat3
1451 1330 1511 1371 sed

185 1392 312 1447 potest
340 1403 489 1444 quoque
517 1390 612 1430 haec
638 1391 773 1430 veritas
790 1404 859 1445 per
876 1393 1118 1433 ratiocinium
1147 1392 1256 1433 facile
1282 1395 1384 1448 erui;
1419 1407 1511 1435 nam

184 1457 213 1498 fi
241 1456 378 1505 velles,
415 1464 458 1496 vt
492 1455 750 1505 minueretur,
786 1464 875 1497 tunc
908 1457 1111 1497 necessario
1144 1457 1184 1496 in
1212 1456 1377 1510 glaciem
1415 1471 1511 1500 con-

185 1531 416 1574 uerteretur3
451 1520 479 1562 fi
512 1533 606 1561 vero
638 1519 836 1561 increscere
869 1521 1027 1573 debeat,
1061 1522 1099 1563 id
1128 1522 1266 1562 vicinia
1299 1524 1512 1566 accubantis

185 1587 319 1642 glaciei
351 1585 552 1640 impediet.
634 1585 743 1628 Nam
776 1587 862 1641 quia
896 1587 973 1627 duo
1004 1588 1129 1628 vicina
1163 1600 1327 1642 corpora
1364 1590 1510 1632 tamdiu

186 1653 444 1694 mutationem
479 1650 613 1692 caloris
647 1652 772 1692 secum
798 1652 1116 1703 communicant,
1151 1653 1274 1692 donec
1303 1654 1349 1693 ad
1378 1655 1510 1709 aequi-

186 1717 342 1759 librium
380 1717 651 1772 peruenerint3
698 1730 793 1771 aqua
829 1717 969 1758 fluente
1003 1717 1162 1758 calidior
1195 1716 1281 1757 fieri
1314 1730 1392 1759 non
1431 1732 1509 1772 po-

186 1783 288 1824 terit.
352 1780 446 1821 Imo
466 1781 565 1822 nulla
584 1782 637 1822 est
657 1783 778 1834 ratio,
812 1782 914 1824 vnde
942 1782 1047 1823 calor
1075 1781 1143 1823 ille
1172 1792 1361 1836 augeatur.
1412 1783 1509 1827 Sunt

187 1847 293 1889 enim
329 1858 406 1887 non
438 1845 504 1887 nisi
536 1846 614 1887 duo
644 1860 833 1902 corpora,
869 1860 963 1902 quae
990 1847 1066 1888 hoc
1094 1857 1346 1901 augmentum
1373 1850 1507 1892 afferre

186 1912 359 1968 possent,
396 1908 466 1952 Sol
498 1911 708 1962 nimirum,
745 1922 784 1953 et
815 1925 893 1954 aer.
979 1913 1175 1970 Quamdiu
1208 1922 1336 1954 autem
1370 1915 1507 1969 glacies

187 1977 411 2021 incumbens
443 1989 557 2030 aquae
580 2007 591 2027 ‚
633 1976 774 2017 horum
806 1978 970 2019 duorum
1007 1991 1218 2033 corporum
1252 1978 1392 2020 virtute
1425 1994 1505 2022 non

188 2051 378 2092 mutatur,
415 2049 498 2083 tam
529 2041 594 2083 diu
625 2054 694 2085 nec
730 2055 823 2098 aqua
857 2042 932 2098 ipsa
964 2043 1214 2088 subterlaberis
1246 2045 1502 2089 mutationem

188 2108 432 2166 persentiscct.

801 2239 850 2286 M
871 2253 913 2284 m
945 2252 970 2281 2
1397 2241 1503 2299 Quia
