2014 2761
310 148 750 198 COGITATIONES
786 148 1285 200 PHYSIOLOGICAE.
1358 168 1381 194 2
1388 169 1448 206 91

140 275 232 318 aeris
263 287 284 315 a
317 276 524 329 grauitante
558 273 723 315 humore
757 274 908 325 adiuta,
960 284 1070 328 atque
1106 275 1144 314 in
1178 274 1359 316 alterutro
1392 287 1455 318 tu-

140 341 190 381 bo
223 340 386 393 superata
421 340 609 393 consistit·⁷
646 341 683 380 in
713 340 817 379 venis
846 349 975 380 autem
1004 350 1043 379 et
1072 341 1212 380 arteriis
1244 343 1362 382 nullus
1396 342 1454 382 se-

135 413 283 460 paratus
319 417 382 445 aer
414 417 502 445 cum
538 403 802 458 atmosphaera
839 414 998 446 externa
1031 406 1341 455 communicans,
1388 408 1450 449 sed

138 480 201 511 aut
236 470 435 524 plenitudo
471 480 533 509 aut
565 482 724 509 vacuum
758 467 930 522 (Capl.
956 472 987 519 ξ.
1007 476 1099 516 10.)
1134 470 1264 511 locum
1299 471 1450 515 habet:

136 535 246 586 hinc,
282 534 399 589 pofita
437 534 691 587 plenitudine,
728 531 869 586 sanguis
904 533 1107 588 haerebit3
1160 536 1284 588 pofito
1320 548 1452 583 autem

135 612 257 641 vacuo
284 599 407 639 cordis
434 607 541 638 antro
568 598 654 652 post
681 597 883 648 systolem,
916 598 1082 638 omnino
1109 599 1285 653 quicquid
1309 603 1349 640 in
1380 615 1449 642 ve..

131 665 186 704 nis
217 664 294 715 est,
331 663 524 704 descendet
550 662 602 702 ob
629 663 923 716 grauitationem
950 662 1051 703 suam
1081 665 1298 705 naturaliter
1333 666 1448 706 deor-

130 729 210 770 sum
247 728 492 777 tendentem,
535 740 614 767 non
647 736 801 780 autem,
845 728 931 782 quia
963 728 1028 768 ille
1060 729 1099 767 in
1135 730 1228 769 tubo
1260 744 1448 773 commu..

129 796 276 835 nicante
309 793 483 848 longiore
514 794 739 832 continetur.
806 793 937 847 Atque
972 792 1029 833 his
1061 792 1123 833 sub
1155 793 1446 837 limitationibus

125 859 308 913 speciosae
357 856 587 900 Guilielmini
630 859 975 909 argumentationes
1017 870 1135 898 verae
1172 860 1326 913 quidem
1370 862 1445 902 effe

127 924 333 977 videntur-3
386 923 445 962 sed
478 921 504 962 fi
538 920 715 975 scapham
762 921 938 976 scapham
984 922 1108 962 dicere
1144 924 1338 975 velimus,
1393 925 1445 966 fi-

121 996 277 1041 gmenta
311 988 435 1041 potius
468 1000 583 1040 quam
617 987 733 1027 (elida
767 987 985 1028 adiumenta
1017 987 1108 1027 sunt.
1193 989 1297 1045 Quid
1334 990 1443 1031 enim

119 1053 214 1093 lucri
246 1053 406 1105 denique
440 1048 625 1092 fecimus?
659 1051 772 1093 Nihil
804 1051 901 1093 sane.
967 1050 1180 1094 Descendat
1216 1055 1325 1095 enim¹
1358 1054 1442 1096 san-

121 1117 201 1170 guis
239 1118 418 1170 grauitate
463 1116 521 1158 sua
561 1118 600 1157 in
637 1130 762 1158 vena:
820 1119 906 1172 quia
940 1117 1114 1158 similiter
1145 1118 1184 1159 in
1218 1121 1439 1162 arteriarum

120 1181 243 1222 trac‘tu
274 1182 371 1222 nulla
401 1181 685 1235 atmosphaerae
715 1182 852 1236 preffio
881 1183 932 1223 ob
952 1183 1152 1235 allegatam
1182 1185 1345 1226 caussam
1375 1185 1439 1225 lo-

119 1260 209 1287 cum
244 1246 377 1294 habet,
423 1246 540 1286 nullus
573 1260 721 1301 quoque
754 1247 894 1300 languis
924 1245 1063 1286 surium
1103 1258 1326 1302 premetur,
1373 1250 1437 1302 qui

118 1311 407 1352 descendentem
441 1324 462 1351 a
496 1321 603 1364 tergo
637 1311 731 1365 sequi
766 1311 890 1365 possit.
958 1311 1012 1351 Vt
1046 1319 1233 1353 taceamtu
1265 1313 1314 1354 de
1346 1313 1437 1357 infi-

115 1376 180 1429 gni
217 1375 411 1416 subtilitate
445 1375 659 1415 tubulorum
697 1376 936 1429 capillarium
967 1376 1005 1415 in
1032 1376 1209 1427 cerebro,
1246 1391 1341 1432 quae
1368 1391 1439 1419 ne-

116 1439 272 1480 ceant-io
306 1453 372 1495 per
403 1439 500 1479 hauc
535 1438 765 1492 preffioneni
804 1440 963 1492 superari
998 1439 1176 1487 deberet,
1218 1442 1244 1482 fi
1280 1444 1436 1496 experi-

117 1515 291 1545 mentum
334 1506 409 1545 hoc
452 1504 514 1544 sub
554 1504 704 1544 initium
748 1504 854 1544 huius
886 1503 1111 1558 Paragraphi
1145 1505 1349 1559 allegatum
1384 1509 1432 1550 ad

115 1571 382 1624 exponendam
417 1569 579 1610 caussam
614 1569 781 1610 transitus
813 1570 993 1623 {anguinis
1027 1582 1095 1624 per
1127 1570 1208 1612 vafil
1241 1572 1433 1628 superiora

114 1635 293 1689 applicari
331 1634 464 1689 posset.

219 1760 269 1808 §c
316 1777 386 1817 17.
452 1761 721 1825 Qii'denique
756 1767 978 1822 perpendit,
1024 1766 1286 1809 conditionem
1321 1768 1428 1822 pofi-

115 1831 225 1871 tionis
245 1833 415 1872 vasorum
447 1834 781 1886 perpendicularis‘,
818 1846 909 1887 quae
938 1833 1141 1873 necessario
1168 1832 1325 1887 supponi
1357 1835 1428 1874 de-

112 1896 196 1946 bet,
236 1896 260 1936 fi
293 1896 413 1950 aliqua
449 1908 499 1936 ex
530 1899 777 1950 grauitatione
813 1898 955 1938 x'tilitas
987 1898 1192 1949 redundet,
1225 1899 1288 1949 (ξ.
1322 1901 1427 1951 11.)

110 1961 206 2001 adeo
227 1961 487 2014 particularem
506 1960 600 2009 effe,
637 1973 678 2003 vt
704 1975 780 2002 non
809 1964 927 2004 solum
959 1964 996 2003 in
1025 1961 1185 2004 homine
1214 1976 1294 2005 non
1321 1965 1425 2004 sem-

110 2023 180 2078 per
216 2026 372 2079 erecto,
413 2027 470 2067 sed
506 2026 688 2074 cubante,
737 2027 882 2069 nullum
915 2029 1045 2069 locum
1080 2027 1245 2080 habeat,
1290 2029 1350 2070 sed
1385 2039 1426 2071 et

110 2092 145 2129 in
180 2091 343 2144 pluribus
377 2091 600 2131 animalibus
637 2086 747 2145 plane
781 2093 1055 2147 exulet3⁴>cum
1084 2103 1213 2134 tamen
1246 2094 1284 2134 in
1311 2095 1423 2135 omni

107 2153 184 2195 hoc
216 2155 295 2197 cain
330 2156 578 2197 nihilominus
611 2155 791 2210 stinguinis
822 2167 948 2200 motus
974 2171 1090 2214 aeque
1116 2158 1213 2201 bene
1239 2168 1277 2200 et
1303 2170 1423 2198 com-

735 2221 804 2276 Pp
838 2236 861 2275 3
1295 2221 1418 2263 mode
