2014 2761
503 194 594 233 320
673 170 762 220 DE
793 164 1251 218 CIRCVLATIONE
1283 163 1624 215 SANGVINIS

498 298 565 339 Cto
598 305 649 336 ex
680 294 797 335 corde
828 290 993 346 sanguini
1026 291 1083 342 (ξ.
1101 301 1170 342 55.
1188 294 1262 341 56.
1279 293 1414 345 553.);
1463 289 1564 331 hunc
1596 287 1807 343 sanguinem

498 374 565 418 per
592 372 731 402 omnes
756 360 979 401 arteriarum
1009 356 1193 396 aiiii-aetus
1219 355 1419 410 aequaliter
1448 365 1486 396 et
1512 356 1726 396 commode
1753 357 1813 396 di-

499 426 623 469 stribui
650 419 837 477 (§.58.)3
869 420 1061 464 considera
1086 429 1298 475 praeterea,
1334 433 1422 462 eam
1449 420 1521 461 effe
1547 421 1642 461 inter
1664 429 1816 461 aortam

501 501 541 531 et
580 489 735 530 arteriae
780 500 910 530 ramos
954 487 1120 528 maiores
1156 495 1195 526 et
1225 487 1323 526 inter
1363 486 1623 526 extremitates
1659 485 1817 526 vltimas

501 555 695 608 capillares
722 553 1038 608 proportionem,
1072 562 1114 592 vt
1133 550 1206 591 hae
1232 551 1440 591 minimam
1472 561 1691 604 portionem
1721 550 1818 592 illius

501 619 641 661 maffae
659 619 930 659 distribuendae
948 616 1166 665 sortiantur,
1195 614 1301 655 huius
1325 617 1432 669 igitur
1453 616 1711 669 portiunculae
1731 616 1816 657 vim

504 686 578 726 effe
606 685 836 734 minimam,
864 682 1109 723 resistentiam
1140 689 1271 720 contra
1298 681 1550 733 angustiarum
1581 680 1818 733 capillarium

505 750 578 791 effe
599 749 818 790 maximam
839 749 889 797 (ξ.
905 751 933 786 6
941 751 1029 800 3),
1066 747 1132 786 An
1153 758 1228 784 non
1252 747 1371 798 magis
1390 746 1581 798 magisque
1603 744 1820 784 verosimile

504 815 672 864 videtur,
708 814 775 854 has
804 813 1062 853 eXtremitates
1088 809 1282 863 capillares
1309 810 1407 863 quali
1438 822 1511 862 pro
1538 808 1665 850 clausis
1693 808 1822 850 haberi

505 880 610 934 posse
631 911 641 930 ,
695 888 733 918 et
766 879 891 918 motui
924 877 1106 929 [anguinis
1138 875 1345 915 terminum
1378 875 1416 913 in
1452 875 1521 913 illis
1553 873 1651 927 figi,
1697 875 1821 915 donec

506 944 600 985 haec
628 942 831 983 resistentia
859 956 879 982 a
907 941 1045 980 viribus
1074 939 1281 979 maioribus
1309 938 1456 979 aliunde
1489 938 1748 979 accedentibus
1780 939 1825 980 sit

507 1004 700 1061 superata?
739 1006 871 1047 nullum
904 1006 1014 1058 igitur
1030 1000 1249 1058 sanguinem
1275 1010 1441 1058 mnpore
1458 998 1610 1059 Jjstoles
1637 1003 1758 1045 cordis
1786 1004 1825 1045 in

509 1085 628 1113 venas
656 1070 870 1126 tfmzssimdi
905 1071 953 1118 (ξ.
972 1072 1066 1122 41.)
1104 1069 1146 1108 vi
1178 1063 1328 1109 cordis?

631 1171 666 1219 (5.
702 1172 777 1218 65.
845 1167 996 1208 Arteria
1030 1165 1208 1216 dilatata,
1248 1165 1381 1221 plena,
1424 1164 1572 1205 elastica
1604 1165 1643 1205 in
1677 1165 1826 1207 restitu-

511 1235 661 1276 tionem
698 1233 747 1274 sui
782 1233 929 1273 nititur:
966 1231 1103 1272 sublata
1139 1231 1251 1284 igitur
1285 1231 1325 1272 vi
1359 1229 1582 1270 extendente
1614 1230 1828 1272 coutraCtio

511 1300 598 1341 actu
635 1299 827 1352 loquitur,
883 1297 968 1351 quia
1002 1297 1115 1350 igitur
1146 1295 1222 1336 hoc
1257 1295 1380 1337 modo
1412 1296 1592 1348 capacitas
1623 1295 1717 1337 Vssfis
1749 1296 1829 1337 mi-

514 1366 638 1405 unitur
658 1395 668 1414 ,
722 1372 763 1403 vt
797 1371 942 1403 tantum
977 1360 1158 1414 sanguinis
1190 1361 1316 1401 denuo
1348 1359 1558 1414 expellatur
1591 1369 1773 1414 quantum
1806 1373 1827 1402 a

515 1429 631 1469 corde
663 1427 871 1480 susceptum
905 1426 970 1466 fuit
1005 1423 1181 1477 (Cap.I.
1203 1425 1386 1474 §.23.):
1439 1436 1516 1463 non
1558 1424 1714 1464 dubium
1749 1424 1826 1476 est,

516 1493 607 1545 quin
637 1491 729 1531 haec
757 1490 831 1544 ipsa
862 1490 917 1530 vis
946 1489 978 1528 se
1006 1487 1252 1528 contrahendi
1282 1499 1353 1540 pro
1381 1487 1572 1542 principio
1599 1487 1729 1529 haberi
1761 1488 1831 1529 de-

518 1558 627 1605 beat,
668 1556 769 1596 vnde
802 1554 863 1595 hic
895 1553 1070 1593 traiectus
1101 1552 1319 1593 cleriuandus
1353 1550 1420 1604 sit,
1457 1551 1503 1591 dc
1531 1552 1634 1592 cuius
1670 1552 1831 1595 astionis

519 1631 648 1663 natura
673 1631 710 1661 et
744 1620 947 1674 quantitate
981 1618 1104 1673 paucis
1139 1630 1234 1658 nunc
1267 1616 1375 1657 nobis
1406 1616 1476 1656 erit
1509 1617 1796 1672 dispiciendum.

639 1720 670 1769 ξ.
708 1722 780 1759 66.
850 1716 949 1774 Quia
986 1716 1199 1757 contraffio
1230 1716 1449 1756 arteriarum
1482 1714 1636 1756 effectus
1669 1716 1723 1757 est
1754 1714 1833 1758 ela-

522 1785 686 1826 sticitatis
719 1783 888 1824 illarum:
926 1791 1004 1822 tota
1031 1782 1145 1821 etiam
1173 1780 1267 1821 haec
1294 1781 1396 1820 aetio
1421 1780 1555 1821 iisdem
1584 1781 1723 1834 legibus
1747 1780 1833 1822 sub-

523 1851 620 1890 iefta
656 1850 728 1897 est,
771 1863 855 1902 quas
890 1858 1016 1888 natura
1048 1845 1270 1886 clasticitatis
1302 1846 1475 1899 requirit,
1517 1858 1673 1900 quasque
1705 1847 1833 1900 supra,

525 1928 611 1954 curn
648 1915 694 1954 tic
731 1915 765 1953 vi
802 1914 924 1953 cordis
960 1923 1153 1965 ageremus
1190 1904 1494 1962 (§.28-34.),
1537 1923 1833 1952 commemora-

528 1981 665 2018 ninius.
754 1979 807 2019 Et
840 1979 989 2031 quidem
1024 1975 1245 2028 generaliter
1285 1975 1479 2016 clasticitas
1514 1976 1733 2017 arteriarum
1767 1976 1836 2016 de-

529 2050 670 2097 pcasiet
689 2055 707 2082 a
728 2045 867 2083 robore
898 2057 939 2083 ac
968 2041 1148 2081 firmitate
1167 2041 1371 2091 fibrarum,
1400 2053 1453 2082 ex
1471 2040 1598 2093 quibus
1616 2040 1701 2081 illae
1719 2051 1836 2079 com-

530 2117 717 2161 ponuntur
835 2109 925 2164 Quo
962 2107 1188 2147 robustiores
1228 2108 1340 2160 igitur
1383 2104 1503 2145 fibrae
1528 2136 1539 2156 ,
1595 2117 1644 2145 eo
1678 2104 1838 2145 maioris

531 2173 754 2215 elasticitatis
784 2172 862 2215 sunt
893 2185 1069 2227 capaces:
1110 2185 1186 2228 quo
1214 2171 1411 2215 debiliores
1437 2169 1573 2222 fibrae,
1608 2169 1655 2211 ad
1682 2182 1732 2210 eo
1756 2171 1836 2211 mi-

1696 2248 1835 2281 notem
