2014 2761
188 189 271 235 DE
302 187 575 234 MINIMIS
607 186 1146 235 OSCILLATIONIBVS
1180 190 1342 236 CORP.
1370 203 1456 246 113

264 314 299 364 ς.
337 324 411 363 32.
447 311 521 353 His
551 312 602 354 de
634 312 872 367 corporibus
903 312 1044 367 rigidis
1062 313 1251 369 expositis
1272 327 1397 371 pergo
1416 317 1464 358 ad

132 378 405 423 :oscillationes
434 391 652 432 corporum
687 378 953 431 flexibilium,
988 392 1087 434 quae
1122 379 1187 420 vel
1221 379 1305 422 sunt
1333 382 1466 436 perfe-

130 446 198 488 -ste
219 444 436 495 flexibilia,
473 443 540 484 vel
561 445 614 484 ita
633 452 865 497 comparata
880 474 891 496 ‚
924 453 969 484 vt
988 444 1036 484 ad
1056 457 1102 485 ea
1121 444 1317 487 flectenda
1353 447 1395 487 vi
1415 445 1465 488 fit

142 523 267 564 opus,
301 508 522 548 cuiusmodi
540 520 711 559 corpora
732 508 886 547 elastica
907 518 1120 549 vocantur.
1156 509 1225 550 Ex
1244 523 1321 564 quo
1343 511 1465 552 intel-

141 574 276 629 ligitur
309 583 479 623 corpora
497 569 674 624 perfecte
695 568 887 610 flexibilia
906 582 959 610 ex
986 571 1155 611 elasticis
1183 575 1306 620 oriri,
1340 575 1370 616 si
1404 575 1467 616 vis

141 638 293 681 elastica
328 633 543 675 euanescat.
612 633 680 676 De
701 632 1184 689 huiusmodicorporibus
1213 637 1355 689 igitur,
1391 652 1467 679 an-

141 714 299 757 tequam
319 712 463 740 eorum
493 697 761 740 oscillationes
797 699 953 753 possunt
984 700 1276 753 determinari,
1312 702 1467 745 necesse

135 767 205 820 est,
239 775 282 806 vt
302 764 466 820 figurae,
486 777 578 818 quas
599 766 701 805 inter
719 764 978 807 oscillandum
998 764 1190 817 induunt,
1210 764 1463 812 definiantur.

137 832 259 890 Quod
274 844 354 885 quo
366 829 576 870 secundum
589 830 629 870 in
639 830 840 885 principio
849 830 994 870 tradita
1006 830 1200 883 principia
1221 828 1309 870 fieri
1329 842 1463 885 queat,

136 909 227 940 ante
263 892 414 936 necesse
451 895 534 947 est,
571 905 617 935 vt
649 894 776 949 figura
812 893 1042 947 definiatur,
1076 906 1197 948 quam
1232 894 1467 939 huiusmodi

135 974 278 1017 corpus
314 974 335 1001 a
368 960 662 1015 quibuscunque
696 960 889 1015 potentiis
924 958 1180 1000 sollicitatum
1215 959 1376 1001 induere
1395 961 1469 1002 de-

136 1028 230 1079 bet,
266 1026 305 1067 id
339 1024 447 1080 quod
483 1025 643 1079 prolixe
676 1025 763 1066 satis
796 1026 837 1065 in
870 1024 980 1066 Tom.
1014 1024 1105 1066 111⁷.
1134 1023 1342 1066 Comment.
1380 1024 1465 1068 sum

132 1091 370 1148 persecutus.
440 1090 722 1147 Quamobrem
756 1089 960 1131 breuitatis
988 1089 1101 1131 causa
1141 1090 1465 1147 *propositionem

134 1157 371 1213 primariam
404 1155 460 1196 ibi
490 1157 681 1198 traditam
714 1155 778 1197 hic
811 1165 1010 1211 repetam„

257 1253 290 1302 ξ.
329 1265 404 1302 33.
440 1249 500 1292 Sit
532 1251 605 1292 Ba
640 1253 753 1306 virga
770 1253 878 1293 reeh
898 1253 1051 1293 clastica
1080 1254 1122 1293 in
1150 1252 1188 1295 B
1217 1253 1324 1305 fixa,
1360 1262 1468 1306 quae·

137 1325 224 1358 tum
259 1329 280 1356 a
315 1315 508 1369 potentiis
541 1315 831 1369 quibuscunque
870 1317 911 1356 in
948 1315 1104 1368 singulis
1135 1317 1292 1371 punctis
1327 1317 1461 1373 appli-

137 1382 256 1429 catis,
296 1388 382 1418 tum
419 1379 542 1416 etiam
577 1392 599 1417 a
631 1380 784 1418 duobus
816 1380 1059 1430 ponderibus
1092 1381 1130 1420 E
1149 1392 1190 1421 et
1211 1383 1241 1422 F
1268 1383 1310 1422 in
1329 1383 1459 1425 altero

132 1453 325 1486 extremo
363 1439 540 1481 termino
575 1440 616 1480 A
648 1439 828 1494 appensis
860 1441 997 1481 induat
1017 1440 1184 1494 figuram
1203 1442 1349 1496 BMA,
1387 1459 1459 1487 cu-

135 1509 194 1548 ius
232 1515 413 1547 naturam
446 1505 683 1558 aequatione
716 1517 920 1559 exponere
941 1516 1118 1560 oportet.
1182 1506 1376 1551 Sumatur
1396 1523 1464 1552 re-

135 1572 199 1614 ἃ]
232 1569 316 1613 AC
350 1583 424 1625 pro
457 1581 560 1622 axe,
594 1569 636 1609 in
671 1581 794 1623 eaque
815 1567 971 1610 abscissa
993 1571 1204 1621 Asz,
1241 1574 1362 1628 sitque
1388 1587 1455 1629 ap-

132 1638 278 1693 plicata
314 1636 514 1687 PMz-:y-
580 1634 779 1675 Ponamus
811 1633 970 1688 smgulis
1005 1636 1160 1690 punctis
1192 1637 1239 1679 M
1274 1639 1363 1679 duas
1382 1652 1462 1694 po-

134 1704 277 1743 tentias
314 1700 394 1741 effe
427 1698 665 1754 applicataS,
696 1712 863 1754 quarum
898 1699 1020 1740 altera
1055 1701 1095 1741 in
1124 1702 1345 1743 directione
1366 1717 1463 1744 ver-

136 1767 241 1807 ticali
277 1765 365 1807 MP
385 1775 500 1818 agat,
531 1764 652 1805 altera
673 1765 713 1805 in
729 1764 949 1806 directione
973 1763 1214 1806 horizontali
1235 1766 1351 1823 MQ.
1398 1766 1462 1809 Sit

136 1830 291 1872 summa
324 1830 511 1871 omnium
548 1831 822 1885 potentiarum
856 1829 1107 1871 verticalium
1149 1830 1308 1884 singulis
1349 1843 1461 1872 arcus

135 1895 236 1937 AM
273 1894 423 1949 punctis
458 1895 746 1950 applicatarum
779 1895 835 1949 P3
871 1905 912 1935 et
944 1893 1097 1936 summa
1130 1896 1317 1938 omnium
1338 1895 1457 1937 hori-

136 1960 357 2002 zontalium
392 1961 525 2002 eidem
570 1960 678 2001 arcui
720 1960 1006 2014 applicatarum
1044 1962 1095 2018 Q
1163 1960 1370 2002 Praeterea
1415 1960 1460 2002 sit

137 2026 199 2066 vis
231 2025 383 2066 elastica
419 2026 460 2066 in
494 2023 540 2066 M
561 2025 669 2065 :V.
740 2023 926 2080 Cumque
963 2028 1103 2066 eadem
1138 2026 1199 2066 vis
1232 2026 1384 2067 elastica
1414 2026 1459 2068 sit

140 2102 192 2130 eo
215 2091 372 2143 maior,
395 2102 474 2144 quo
509 2090 633 2142 magis
669 2091 781 2144 virga
815 2101 1018 2143 curuatur,
1053 2091 1129 2131 erit
1165 2091 1224 2131 vis
1245 2091 1396 2132 elastica
1416 2092 1460 2132 in

140 2152 190 2196 M
226 2166 270 2195 vt
302 2155 340 2195 V
374 2155 541 2197 diuisum
576 2168 646 2210 per
680 2156 836 2197 radium
870 2154 992 2199 osculi
1025 2156 1068 2199 in
1104 2155 1179 2211 M,
1214 2169 1332 2212 quem
1380 2168 1460 2210 po-

142 2218 251 2264 Tom.
273 2216 383 2264 VII.
769 2219 799 2261 P
1384 2231 1459 2262 na-

1487 1261 1590 1302 Figun
1612 1261 1639 1294 8,
