<?xml version="1.0" encoding="UTF-8"?>
<!DOCTYPE html PUBLIC "-//W3C//DTD XHTML 1.0 Transitional//EN"
    "http://www.w3.org/TR/xhtml1/DTD/xhtml1-transitional.dtd">
<html xmlns="http://www.w3.org/1999/xhtml" xml:lang="en" lang="en">
 <head>
  <title>
</title>
<meta http-equiv="Content-Type" content="text/html;charset=utf-8" />
  <meta name='ocr-system' content='tesseract 3.04.00' />
  <meta name='ocr-capabilities' content='ocr_page ocr_carea ocr_par ocr_line ocrx_word'/>
</head>
<body>
  <div class='ocr_page' id='page_1' title='image "./commentariiacade07impe_0075.png"; bbox 0 0 2014 2761; ppageno 0'>
   <div class='ocr_carea' id='block_1_1' title="bbox 197 196 1478 263">
    <p class='ocr_par' dir='ltr' id='par_1_1' title="bbox 197 196 1478 263">
     <span class='ocr_line' id='line_1_1' title="bbox 197 196 1478 263; baseline -0.002 -16"><span class='ocrx_word' id='word_1_1' title='bbox 197 201 284 247; x_wconf 89' lang='lat' dir='ltr'>DE</span> <span class='ocrx_word' id='word_1_2' title='bbox 317 198 699 248; x_wconf 88' lang='lat' dir='ltr'><em>INVENIENDO</em></span> <span class='ocrx_word' id='word_1_3' title='bbox 733 198 981 247; x_wconf 84' lang='lat' dir='ltr'><em>NVMERO</em></span> <span class='ocrx_word' id='word_1_4' title='bbox 1008 196 1126 263; x_wconf 67' lang='lat' dir='ltr'>QVI</span> <span class='ocrx_word' id='word_1_5' title='bbox 1160 200 1268 247; x_wconf 87' lang='lat' dir='ltr'>PER</span> <span class='ocrx_word' id='word_1_6' title='bbox 1301 201 1386 254; x_wconf 53' lang='grc' dir='ltr'>ἐπ’.</span> <span class='ocrx_word' id='word_1_7' title='bbox 1422 206 1478 254; x_wconf 73' lang='lat'>63</span> 
     </span>
    </p>
   </div>
   <div class='ocr_carea' id='block_1_2' title="bbox 158 322 1481 701">
    <p class='ocr_par' dir='ltr' id='par_1_2' title="bbox 158 322 1481 701">
     <span class='ocr_line' id='line_1_2' title="bbox 161 322 1481 382; baseline 0.001 -17"><span class='ocrx_word' id='word_1_8' title='bbox 161 325 257 382; x_wconf 77' lang='lat' dir='ltr'>Quo</span> <span class='ocrx_word' id='word_1_9' title='bbox 293 324 483 365; x_wconf 83' lang='lat' dir='ltr'>minimus</span> <span class='ocrx_word' id='word_1_10' title='bbox 517 336 700 365; x_wconf 77' lang='lat' dir='ltr'>numerus</span> <span class='ocrx_word' id='word_1_11' title='bbox 719 322 950 365; x_wconf 66' lang='lat' dir='ltr'>satisfaciens</span> <span class='ocrx_word' id='word_1_12' title='bbox 971 323 1138 377; x_wconf 74' lang='lat' dir='ltr'>prodeat</span> <span class='ocrx_word' id='word_1_13' title='bbox 1158 336 1267 378; x_wconf 79' lang='lat' dir='ltr'>pono</span> <span class='ocrx_word' id='word_1_14' title='bbox 1288 338 1423 366; x_wconf 73' lang='lat' dir='ltr'>m:—</span> <span class='ocrx_word' id='word_1_15' title='bbox 1435 335 1481 376; x_wconf 80' lang='grc'>5,</span> 
     </span>
     <span class='ocr_line' id='line_1_3' title="bbox 159 389 1479 442; baseline 0.001 -13"><span class='ocrx_word' id='word_1_16' title='bbox 159 390 313 442; x_wconf 84' lang='lat' dir='ltr'>eritque</span> <span class='ocrx_word' id='word_1_17' title='bbox 346 401 436 428; x_wconf 67' lang='lat' dir='ltr'>z:</span> <span class='ocrx_word' id='word_1_18' title='bbox 454 402 471 427; x_wconf 87' lang='lat'>1</span> <span class='ocrx_word' id='word_1_19' title='bbox 491 397 554 435; x_wconf 45' lang='grc' dir='ltr'>ἤ·-</span> <span class='ocrx_word' id='word_1_20' title='bbox 570 401 669 427; x_wconf 73' lang='lat'>102.</span> <span class='ocrx_word' id='word_1_21' title='bbox 695 401 748 437; x_wconf 86' lang='lat'>17</span> <span class='ocrx_word' id='word_1_22' title='bbox 763 402 815 428; x_wconf 68' lang='lat' dir='ltr'><strong><em>z</em></strong></span> <span class='ocrx_word' id='word_1_23' title='bbox 833 398 946 437; x_wconf 81' lang='lat'>1735</span> <span class='ocrx_word' id='word_1_24' title='bbox 966 419 976 437; x_wconf 84' lang='lat'>,</span> <span class='ocrx_word' id='word_1_25' title='bbox 1010 389 1075 442; x_wconf 87' lang='lat' dir='ltr'>qui</span> <span class='ocrx_word' id='word_1_26' title='bbox 1110 389 1163 429; x_wconf 88' lang='lat' dir='ltr'>est</span> <span class='ocrx_word' id='word_1_27' title='bbox 1197 390 1387 429; x_wconf 77' lang='lat' dir='ltr'>minimus</span> <span class='ocrx_word' id='word_1_28' title='bbox 1404 403 1479 430; x_wconf 82' lang='lat' dir='ltr'>nu-</span> 
     </span>
     <span class='ocr_line' id='line_1_4' title="bbox 158 452 1480 507; baseline 0 -13"><span class='ocrx_word' id='word_1_29' title='bbox 158 465 290 494; x_wconf 84' lang='lat' dir='ltr'>merus</span> <span class='ocrx_word' id='word_1_30' title='bbox 310 463 476 506; x_wconf 76' lang='lat' dir='ltr'>quatuor</span> <span class='ocrx_word' id='word_1_31' title='bbox 498 453 735 507; x_wconf 69' lang='lat' dir='ltr'>praescriptis</span> <span class='ocrx_word' id='word_1_32' title='bbox 755 453 1046 493; x_wconf 75' lang='lat' dir='ltr'>conditionibus</span> <span class='ocrx_word' id='word_1_33' title='bbox 1066 452 1295 494; x_wconf 66' lang='lat' dir='ltr'>lirtisfaciens</span> <span class='ocrx_word' id='word_1_34' title='bbox 1322 454 1480 495; x_wconf 79' lang='lat' dir='ltr'>Omnes</span> 
     </span>
     <span class='ocr_line' id='line_1_5' title="bbox 158 517 1478 571; baseline 0.002 -14"><span class='ocrx_word' id='word_1_35' title='bbox 158 527 292 558; x_wconf 81' lang='lat' dir='ltr'>autem</span> <span class='ocrx_word' id='word_1_36' title='bbox 327 519 393 571; x_wconf 90' lang='lat' dir='ltr'>qui</span> <span class='ocrx_word' id='word_1_37' title='bbox 431 517 660 557; x_wconf 67' lang='lat' dir='ltr'>lutisfiiciunt</span> <span class='ocrx_word' id='word_1_38' title='bbox 693 517 764 556; x_wconf 72' lang='lat' dir='ltr'>hac</span> <span class='ocrx_word' id='word_1_39' title='bbox 801 518 1052 556; x_wconf 77' lang='lat' dir='ltr'>continentur</span> <span class='ocrx_word' id='word_1_40' title='bbox 1072 517 1240 559; x_wconf 71' lang='lat' dir='ltr'>formula</span> <span class='ocrx_word' id='word_1_41' title='bbox 1278 532 1294 557; x_wconf 85' lang='lat'>1</span> <span class='ocrx_word' id='word_1_42' title='bbox 1310 523 1420 568; x_wconf 81' lang='lat'>1781</span> <span class='ocrx_word' id='word_1_43' title='bbox 1441 531 1478 560; x_wconf 87' lang='lat' dir='ltr'>m</span> 
     </span>
     <span class='ocr_line' id='line_1_6' title="bbox 159 580 1477 637; baseline 0.003 -17"><span class='ocrx_word' id='word_1_44' title='bbox 159 589 228 628; x_wconf 68' lang='grc' dir='ltr'>-ι-</span> <span class='ocrx_word' id='word_1_45' title='bbox 243 590 376 630; x_wconf 80' lang='lat'>1735.</span> <span class='ocrx_word' id='word_1_46' title='bbox 444 581 511 621; x_wconf 80' lang='lat' dir='ltr'>Ex</span> <span class='ocrx_word' id='word_1_47' title='bbox 546 580 623 620; x_wconf 83' lang='lat' dir='ltr'>hoc</span> <span class='ocrx_word' id='word_1_48' title='bbox 658 580 851 633; x_wconf 85' lang='lat' dir='ltr'>exemplo</span> <span class='ocrx_word' id='word_1_49' title='bbox 886 592 982 633; x_wconf 83' lang='lat' dir='ltr'>ergo</span> <span class='ocrx_word' id='word_1_50' title='bbox 1017 581 1169 620; x_wconf 79' lang='lat' dir='ltr'>abunde</span> <span class='ocrx_word' id='word_1_51' title='bbox 1214 584 1451 637; x_wconf 80' lang='lat' dir='ltr'>intelligitur</span> <span class='ocrx_word' id='word_1_52' title='bbox 1465 614 1477 636; x_wconf 89' lang='lat'>‚</span> 
     </span>
     <span class='ocr_line' id='line_1_7' title="bbox 158 644 1478 701; baseline 0.002 -16"><span class='ocrx_word' id='word_1_53' title='bbox 158 646 365 701; x_wconf 89' lang='lat' dir='ltr'>quomodo</span> <span class='ocrx_word' id='word_1_54' title='bbox 429 657 569 686; x_wconf 77' lang='lat' dir='ltr'>omnes</span> <span class='ocrx_word' id='word_1_55' title='bbox 629 644 859 686; x_wconf 82' lang='lat' dir='ltr'>huiusmodi</span> <span class='ocrx_word' id='word_1_56' title='bbox 920 644 1167 700; x_wconf 75' lang='lat' dir='ltr'>quaestiones</span> <span class='ocrx_word' id='word_1_57' title='bbox 1222 646 1293 687; x_wconf 82' lang='lat' dir='ltr'>sint</span> <span class='ocrx_word' id='word_1_58' title='bbox 1352 648 1478 688; x_wconf 80' lang='lat' dir='ltr'>resol-</span> 
     </span>
    </p>
   </div>
   <div class='ocr_carea' id='block_1_3' title="bbox 153 710 320 751">
    <p class='ocr_par' dir='ltr' id='par_1_3' title="bbox 153 710 320 751">
     <span class='ocr_line' id='line_1_8' title="bbox 153 710 320 751; baseline 0 0"><span class='ocrx_word' id='word_1_59' title='bbox 153 710 320 751; x_wconf 79' lang='lat' dir='ltr'>uendae.</span> 
     </span>
    </p>
   </div>
   <div class='ocr_carea' id='block_1_4' title="bbox 143 839 1479 1993">
    <p class='ocr_par' dir='ltr' id='par_1_4' title="bbox 143 839 1479 1993">
     <span class='ocr_line' id='line_1_9' title="bbox 272 839 1479 895; baseline 0.002 -15"><span class='ocrx_word' id='word_1_60' title='bbox 272 842 304 891; x_wconf 66' lang='grc' dir='ltr'>ξ.</span> <span class='ocrx_word' id='word_1_61' title='bbox 346 844 421 881; x_wconf 82' lang='lat'>28.</span> <span class='ocrx_word' id='word_1_62' title='bbox 456 840 632 882; x_wconf 79' lang='lat' dir='ltr'><strong>Pertinet</strong></span> <span class='ocrx_word' id='word_1_63' title='bbox 668 840 743 882; x_wconf 89' lang='lat' dir='ltr'>huc</span> <span class='ocrx_word' id='word_1_64' title='bbox 775 839 918 881; x_wconf 86' lang='lat' dir='ltr'>solutio</span> <span class='ocrx_word' id='word_1_65' title='bbox 954 839 1212 895; x_wconf 78' lang='lat' dir='ltr'>problematis</span> <span class='ocrx_word' id='word_1_66' title='bbox 1255 841 1479 884; x_wconf 82' lang='lat' dir='ltr'>chronolo-</span> 
     </span>
     <span class='ocr_line' id='line_1_10' title="bbox 151 905 1476 961; baseline 0.002 -16"><span class='ocrx_word' id='word_1_67' title='bbox 151 905 231 959; x_wconf 83' lang='lat' dir='ltr'>gici</span> <span class='ocrx_word' id='word_1_68' title='bbox 268 905 356 946; x_wconf 81' lang='lat' dir='ltr'>satis</span> <span class='ocrx_word' id='word_1_69' title='bbox 396 907 572 961; x_wconf 82' lang='lat' dir='ltr'><strong>cogniti,</strong></span> <span class='ocrx_word' id='word_1_70' title='bbox 615 919 760 961; x_wconf 79' lang='lat' dir='ltr'>quam,</span> <span class='ocrx_word' id='word_1_71' title='bbox 807 916 926 960; x_wconf 88' lang='lat' dir='ltr'>prout</span> <span class='ocrx_word' id='word_1_72' title='bbox 968 918 1021 945; x_wconf 88' lang='lat' dir='ltr'>ex</span> <span class='ocrx_word' id='word_1_73' title='bbox 1054 906 1115 947; x_wconf 86' lang='lat' dir='ltr'>his</span> <span class='ocrx_word' id='word_1_74' title='bbox 1133 907 1279 960; x_wconf 81' lang='lat' dir='ltr'>regulis</span> <span class='ocrx_word' id='word_1_75' title='bbox 1312 908 1476 960; x_wconf 86' lang='lat' dir='ltr'>inueni,</span> 
     </span>
     <span class='ocr_line' id='line_1_11' title="bbox 150 969 1477 1026; baseline 0.002 -15"><span class='ocrx_word' id='word_1_76' title='bbox 150 984 378 1024; x_wconf 72' lang='lat' dir='ltr'>apponam,</span> <span class='ocrx_word' id='word_1_77' title='bbox 424 972 462 1012; x_wconf 86' lang='lat' dir='ltr'>in</span> <span class='ocrx_word' id='word_1_78' title='bbox 499 985 578 1026; x_wconf 89' lang='lat' dir='ltr'>quo</span> <span class='ocrx_word' id='word_1_79' title='bbox 613 985 736 1013; x_wconf 79' lang='lat' dir='ltr'>annus</span> <span class='ocrx_word' id='word_1_80' title='bbox 769 984 791 1011; x_wconf 84' lang='lat' dir='ltr'>a</span> <span class='ocrx_word' id='word_1_81' title='bbox 826 969 988 1011; x_wconf 85' lang='lat' dir='ltr'>Christo</span> <span class='ocrx_word' id='word_1_82' title='bbox 1029 982 1125 1012; x_wconf 79' lang='lat' dir='ltr'>nato</span> <span class='ocrx_word' id='word_1_83' title='bbox 1171 973 1388 1026; x_wconf 71' lang='lat' dir='ltr'>quaeritur,</span> <span class='ocrx_word' id='word_1_84' title='bbox 1423 985 1477 1013; x_wconf 88' lang='lat' dir='ltr'>ex</span> 
     </span>
     <span class='ocr_line' id='line_1_12' title="bbox 150 1036 1476 1088; baseline 0.002 -12"><span class='ocrx_word' id='word_1_85' title='bbox 150 1036 251 1077; x_wconf 78' lang='lat' dir='ltr'>datis</span> <span class='ocrx_word' id='word_1_86' title='bbox 284 1037 405 1088; x_wconf 84' lang='lat' dir='ltr'>cyclis</span> <span class='ocrx_word' id='word_1_87' title='bbox 442 1037 532 1077; x_wconf 83' lang='lat' dir='ltr'>solis</span> <span class='ocrx_word' id='word_1_88' title='bbox 566 1047 606 1077; x_wconf 83' lang='lat' dir='ltr'>et</span> <span class='ocrx_word' id='word_1_89' title='bbox 639 1037 754 1078; x_wconf 78' lang='lat' dir='ltr'>lunae</span> <span class='ocrx_word' id='word_1_90' title='bbox 792 1049 868 1077; x_wconf 81' lang='lat' dir='ltr'>vna</span> <span class='ocrx_word' id='word_1_91' title='bbox 905 1049 998 1076; x_wconf 88' lang='lat' dir='ltr'>cum</span> <span class='ocrx_word' id='word_1_92' title='bbox 1034 1036 1252 1078; x_wconf 73' lang='lat' dir='ltr'>mdic‘tione</span> <span class='ocrx_word' id='word_1_93' title='bbox 1286 1039 1476 1080; x_wconf 76' lang='lat' dir='ltr'>Romana</span> 
     </span>
     <span class='ocr_line' id='line_1_13' title="bbox 151 1099 1475 1156; baseline 0.002 -15"><span class='ocrx_word' id='word_1_94' title='bbox 151 1099 257 1142; x_wconf 84' lang='lat' dir='ltr'>illius</span> <span class='ocrx_word' id='word_1_95' title='bbox 290 1102 396 1142; x_wconf 84' lang='lat' dir='ltr'>anui.</span> <span class='ocrx_word' id='word_1_96' title='bbox 467 1100 573 1143; x_wconf 88' lang='lat' dir='ltr'>Cum</span> <span class='ocrx_word' id='word_1_97' title='bbox 608 1103 719 1144; x_wconf 86' lang='lat' dir='ltr'>enim</span> <span class='ocrx_word' id='word_1_98' title='bbox 749 1101 881 1153; x_wconf 80' lang='lat' dir='ltr'>cyclus</span> <span class='ocrx_word' id='word_1_99' title='bbox 916 1100 1005 1142; x_wconf 87' lang='lat' dir='ltr'>solis</span> <span class='ocrx_word' id='word_1_100' title='bbox 1038 1102 1081 1143; x_wconf 85' lang='lat' dir='ltr'>sit</span> <span class='ocrx_word' id='word_1_101' title='bbox 1110 1102 1333 1155; x_wconf 77' lang='lat' dir='ltr'>residuum,</span> <span class='ocrx_word' id='word_1_102' title='bbox 1364 1103 1475 1156; x_wconf 88' lang='lat' dir='ltr'>quod</span> 
     </span>
     <span class='ocr_line' id='line_1_14' title="bbox 152 1166 1472 1222; baseline 0.002 -18"><span class='ocrx_word' id='word_1_103' title='bbox 152 1166 279 1206; x_wconf 86' lang='lat' dir='ltr'>oritur</span> <span class='ocrx_word' id='word_1_104' title='bbox 311 1167 499 1208; x_wconf 83' lang='lat' dir='ltr'>diuisione</span> <span class='ocrx_word' id='word_1_105' title='bbox 534 1168 691 1208; x_wconf 86' lang='lat' dir='ltr'>numeri</span> <span class='ocrx_word' id='word_1_106' title='bbox 734 1167 826 1208; x_wconf 80' lang='lat' dir='ltr'>anni</span> <span class='ocrx_word' id='word_1_107' title='bbox 861 1168 1082 1208; x_wconf 78' lang='lat' dir='ltr'>nouenario</span> <span class='ocrx_word' id='word_1_108' title='bbox 1122 1168 1224 1209; x_wconf 67' lang='lat' dir='ltr'>aucti</span> <span class='ocrx_word' id='word_1_109' title='bbox 1267 1181 1337 1222; x_wconf 89' lang='lat' dir='ltr'>per</span> <span class='ocrx_word' id='word_1_110' title='bbox 1384 1171 1472 1222; x_wconf 72' lang='lat'>283</span> 
     </span>
     <span class='ocr_line' id='line_1_15' title="bbox 151 1230 1473 1285; baseline 0.002 -15"><span class='ocrx_word' id='word_1_111' title='bbox 151 1230 285 1280; x_wconf 83' lang='lat' dir='ltr'>cyclus</span> <span class='ocrx_word' id='word_1_112' title='bbox 328 1243 424 1271; x_wconf 88' lang='lat' dir='ltr'>vero</span> <span class='ocrx_word' id='word_1_113' title='bbox 467 1232 582 1272; x_wconf 83' lang='lat' dir='ltr'>lunae</span> <span class='ocrx_word' id='word_1_114' title='bbox 628 1232 672 1272; x_wconf 87' lang='lat' dir='ltr'>sit</span> <span class='ocrx_word' id='word_1_115' title='bbox 707 1232 926 1282; x_wconf 82' lang='lat' dir='ltr'>residuum,</span> <span class='ocrx_word' id='word_1_116' title='bbox 968 1233 1072 1285; x_wconf 91' lang='lat' dir='ltr'>quod</span> <span class='ocrx_word' id='word_1_117' title='bbox 1116 1234 1240 1273; x_wconf 91' lang='lat' dir='ltr'>oritur</span> <span class='ocrx_word' id='word_1_118' title='bbox 1269 1233 1473 1273; x_wconf 77' lang='lat' dir='ltr'>&#39;diuisione</span> 
     </span>
     <span class='ocr_line' id='line_1_16' title="bbox 152 1294 1474 1347; baseline 0.003 -15"><span class='ocrx_word' id='word_1_119' title='bbox 152 1294 309 1333; x_wconf 88' lang='lat' dir='ltr'>numeri</span> <span class='ocrx_word' id='word_1_120' title='bbox 347 1295 438 1333; x_wconf 77' lang='lat' dir='ltr'>anui</span> <span class='ocrx_word' id='word_1_121' title='bbox 475 1296 627 1334; x_wconf 75' lang='lat' dir='ltr'>vnitate</span> <span class='ocrx_word' id='word_1_122' title='bbox 659 1295 762 1334; x_wconf 61' lang='lat' dir='ltr'>aucti</span> <span class='ocrx_word' id='word_1_123' title='bbox 797 1307 867 1347; x_wconf 84' lang='lat' dir='ltr'>per</span> <span class='ocrx_word' id='word_1_124' title='bbox 906 1308 996 1347; x_wconf 74' lang='lat'>193</span> <span class='ocrx_word' id='word_1_125' title='bbox 1040 1296 1213 1335; x_wconf 66' lang='lat' dir='ltr'>Indiffio</span> <span class='ocrx_word' id='word_1_126' title='bbox 1247 1308 1346 1335; x_wconf 85' lang='lat' dir='ltr'>vero</span> <span class='ocrx_word' id='word_1_127' title='bbox 1381 1297 1474 1338; x_wconf 80' lang='lat' dir='ltr'>Ro-</span> 
     </span>
     <span class='ocr_line' id='line_1_17' title="bbox 152 1357 1472 1410; baseline 0.003 -13"><span class='ocrx_word' id='word_1_128' title='bbox 152 1369 268 1397; x_wconf 76' lang='lat' dir='ltr'>mana</span> <span class='ocrx_word' id='word_1_129' title='bbox 304 1357 347 1396; x_wconf 89' lang='lat' dir='ltr'>fit</span> <span class='ocrx_word' id='word_1_130' title='bbox 380 1358 599 1407; x_wconf 72' lang='lat' dir='ltr'>residuum,</span> <span class='ocrx_word' id='word_1_131' title='bbox 633 1358 740 1410; x_wconf 87' lang='lat' dir='ltr'>quod</span> <span class='ocrx_word' id='word_1_132' title='bbox 760 1359 908 1408; x_wconf 83' lang='lat' dir='ltr'>oritur,</span> <span class='ocrx_word' id='word_1_133' title='bbox 944 1358 969 1397; x_wconf 84' lang='lat' dir='ltr'>si</span> <span class='ocrx_word' id='word_1_134' title='bbox 992 1372 1179 1399; x_wconf 83' lang='lat' dir='ltr'>numerus</span> <span class='ocrx_word' id='word_1_135' title='bbox 1211 1361 1303 1400; x_wconf 86' lang='lat' dir='ltr'>anni</span> <span class='ocrx_word' id='word_1_136' title='bbox 1337 1370 1472 1402; x_wconf 81' lang='lat' dir='ltr'>terna-</span> 
     </span>
     <span class='ocr_line' id='line_1_18' title="bbox 150 1418 1471 1475; baseline 0.004 -16"><span class='ocrx_word' id='word_1_137' title='bbox 150 1420 213 1459; x_wconf 90' lang='lat' dir='ltr'>rio</span> <span class='ocrx_word' id='word_1_138' title='bbox 258 1419 388 1460; x_wconf 65' lang='lat' dir='ltr'>auctus</span> <span class='ocrx_word' id='word_1_139' title='bbox 430 1432 502 1473; x_wconf 89' lang='lat' dir='ltr'>per</span> <span class='ocrx_word' id='word_1_140' title='bbox 549 1430 599 1468; x_wconf 80' lang='lat'>15</span> <span class='ocrx_word' id='word_1_141' title='bbox 648 1419 868 1468; x_wconf 63' lang='lat' dir='ltr'>diffidatur,</span> <span class='ocrx_word' id='word_1_142' title='bbox 915 1418 1074 1472; x_wconf 80' lang='lat' dir='ltr'>sequeus</span> <span class='ocrx_word' id='word_1_143' title='bbox 1121 1424 1275 1475; x_wconf 86' lang='lat' dir='ltr'>prodiit</span> <span class='ocrx_word' id='word_1_144' title='bbox 1309 1423 1471 1468; x_wconf 88' lang='lat' dir='ltr'>solutio.</span> 
     </span>
     <span class='ocr_line' id='line_1_19' title="bbox 146 1481 1465 1540; baseline 0.003 -15"><span class='ocrx_word' id='word_1_145' title='bbox 146 1481 208 1525; x_wconf 91' lang='lat' dir='ltr'>Sit</span> <span class='ocrx_word' id='word_1_146' title='bbox 250 1492 279 1540; x_wconf 86' lang='lat' dir='ltr'><em>p</em></span> <span class='ocrx_word' id='word_1_147' title='bbox 331 1484 463 1536; x_wconf 86' lang='lat' dir='ltr'>cyclus</span> <span class='ocrx_word' id='word_1_148' title='bbox 517 1484 633 1536; x_wconf 79' lang='lat' dir='ltr'>solis,</span> <span class='ocrx_word' id='word_1_149' title='bbox 683 1496 708 1539; x_wconf 83' lang='lat' dir='ltr'><em>q</em></span> <span class='ocrx_word' id='word_1_150' title='bbox 770 1483 903 1535; x_wconf 85' lang='lat' dir='ltr'>cyclus</span> <span class='ocrx_word' id='word_1_151' title='bbox 964 1483 1080 1525; x_wconf 78' lang='lat' dir='ltr'>lunae</span> <span class='ocrx_word' id='word_1_152' title='bbox 1131 1496 1171 1526; x_wconf 88' lang='lat' dir='ltr'>et</span> <span class='ocrx_word' id='word_1_153' title='bbox 1228 1498 1251 1526; x_wconf 78' lang='lat' dir='ltr'>r</span> <span class='ocrx_word' id='word_1_154' title='bbox 1296 1486 1465 1529; x_wconf 60' lang='lat' dir='ltr'>indictio</span> 
     </span>
     <span class='ocr_line' id='line_1_20' title="bbox 149 1549 1468 1606; baseline 0.003 -16"><span class='ocrx_word' id='word_1_155' title='bbox 149 1550 362 1602; x_wconf 76' lang='lat' dir='ltr'>Romaim3</span> <span class='ocrx_word' id='word_1_156' title='bbox 399 1549 685 1604; x_wconf 84' lang='lat' dir='ltr'>multiplicetur</span> <span class='ocrx_word' id='word_1_157' title='bbox 713 1557 742 1604; x_wconf 86' lang='lat' dir='ltr'><em>p</em></span> <span class='ocrx_word' id='word_1_158' title='bbox 776 1562 846 1602; x_wconf 84' lang='lat' dir='ltr'>per</span> <span class='ocrx_word' id='word_1_159' title='bbox 881 1552 1034 1603; x_wconf 75' lang='lat'>48453</span> <span class='ocrx_word' id='word_1_160' title='bbox 1071 1562 1096 1605; x_wconf 82' lang='lat' dir='ltr'><em>q</em></span> <span class='ocrx_word' id='word_1_161' title='bbox 1129 1565 1201 1606; x_wconf 87' lang='lat' dir='ltr'>per</span> <span class='ocrx_word' id='word_1_162' title='bbox 1234 1565 1389 1606; x_wconf 77' lang='lat'><em>42003</em></span> <span class='ocrx_word' id='word_1_163' title='bbox 1426 1563 1468 1595; x_wconf 87' lang='lat' dir='ltr'>et</span> 
     </span>
     <span class='ocr_line' id='line_1_21' title="bbox 147 1614 1460 1669; baseline 0.002 -14"><span class='ocrx_word' id='word_1_164' title='bbox 147 1626 169 1655; x_wconf 84' lang='grc' dir='ltr'><em>ν</em></span> <span class='ocrx_word' id='word_1_165' title='bbox 203 1628 275 1668; x_wconf 87' lang='lat' dir='ltr'>per</span> <span class='ocrx_word' id='word_1_166' title='bbox 307 1618 459 1666; x_wconf 85' lang='lat'>6916,</span> <span class='ocrx_word' id='word_1_167' title='bbox 504 1614 600 1655; x_wconf 76' lang='lat' dir='ltr'>haec</span> <span class='ocrx_word' id='word_1_168' title='bbox 645 1615 718 1654; x_wconf 75' lang='lat' dir='ltr'>tria</span> <span class='ocrx_word' id='word_1_169' title='bbox 753 1614 942 1667; x_wconf 64' lang='lat' dir='ltr'>producta</span> <span class='ocrx_word' id='word_1_170' title='bbox 984 1628 1074 1655; x_wconf 91' lang='lat' dir='ltr'>cum</span> <span class='ocrx_word' id='word_1_171' title='bbox 1120 1630 1291 1658; x_wconf 87' lang='lat' dir='ltr'>numero</span> <span class='ocrx_word' id='word_1_172' title='bbox 1337 1623 1460 1669; x_wconf 82' lang='lat'><strong>3267</strong></span> 
     </span>
     <span class='ocr_line' id='line_1_22' title="bbox 146 1679 1464 1737; baseline 0.005 -19"><span class='ocrx_word' id='word_1_173' title='bbox 146 1679 186 1718; x_wconf 88' lang='lat' dir='ltr'>in</span> <span class='ocrx_word' id='word_1_174' title='bbox 229 1692 348 1719; x_wconf 69' lang='lat' dir='ltr'>vnam</span> <span class='ocrx_word' id='word_1_175' title='bbox 403 1680 601 1720; x_wconf 77' lang='lat' dir='ltr'>summam</span> <span class='ocrx_word' id='word_1_176' title='bbox 653 1679 936 1730; x_wconf 71' lang='lat' dir='ltr'>coniiciuntur,</span> <span class='ocrx_word' id='word_1_177' title='bbox 979 1691 1101 1732; x_wconf 80' lang='lat' dir='ltr'>eaque</span> <span class='ocrx_word' id='word_1_178' title='bbox 1146 1682 1342 1724; x_wconf 82' lang='lat' dir='ltr'>diuidatur</span> <span class='ocrx_word' id='word_1_179' title='bbox 1392 1697 1464 1737; x_wconf 88' lang='lat' dir='ltr'>per</span> 
     </span>
     <span class='ocr_line' id='line_1_23' title="bbox 150 1743 1464 1798; baseline 0.005 -16"><span class='ocrx_word' id='word_1_180' title='bbox 150 1747 298 1796; x_wconf 78' lang='lat'>7980·⁷</span> <span class='ocrx_word' id='word_1_181' title='bbox 337 1745 440 1798; x_wconf 87' lang='lat' dir='ltr'>quod</span> <span class='ocrx_word' id='word_1_182' title='bbox 481 1744 702 1786; x_wconf 76' lang='lat' dir='ltr'>remanebit</span> <span class='ocrx_word' id='word_1_183' title='bbox 752 1743 953 1784; x_wconf 72' lang='lat' dir='ltr'>residuum</span> <span class='ocrx_word' id='word_1_184' title='bbox 1007 1745 1083 1784; x_wconf 88' lang='lat' dir='ltr'>erit</span> <span class='ocrx_word' id='word_1_185' title='bbox 1133 1758 1318 1786; x_wconf 88' lang='lat' dir='ltr'>numerus</span> <span class='ocrx_word' id='word_1_186' title='bbox 1368 1749 1464 1789; x_wconf 80' lang='lat' dir='ltr'>anni</span> 
     </span>
     <span class='ocr_line' id='line_1_24' title="bbox 146 1807 1463 1866; baseline 0.004 -18"><span class='ocrx_word' id='word_1_187' title='bbox 146 1809 318 1863; x_wconf 72' lang='lat' dir='ltr'>quaesiti.</span> <span class='ocrx_word' id='word_1_188' title='bbox 385 1807 427 1848; x_wconf 83' lang='lat' dir='ltr'>Si</span> <span class='ocrx_word' id='word_1_189' title='bbox 460 1822 581 1850; x_wconf 79' lang='lat' dir='ltr'>annus</span> <span class='ocrx_word' id='word_1_190' title='bbox 612 1808 769 1863; x_wconf 80' lang='lat' dir='ltr'>periodi</span> <span class='ocrx_word' id='word_1_191' title='bbox 803 1807 976 1849; x_wconf 79' lang='lat' dir='ltr'>Iulianae</span> <span class='ocrx_word' id='word_1_192' title='bbox 996 1809 1227 1863; x_wconf 71' lang='lat' dir='ltr'>requiratur,</span> <span class='ocrx_word' id='word_1_193' title='bbox 1251 1821 1336 1851; x_wconf 88' lang='lat' dir='ltr'>tum</span> <span class='ocrx_word' id='word_1_194' title='bbox 1358 1825 1463 1866; x_wconf 83' lang='lat' dir='ltr'>ope—</span> 
     </span>
     <span class='ocr_line' id='line_1_25' title="bbox 146 1873 1458 1928; baseline 0.003 -15"><span class='ocrx_word' id='word_1_195' title='bbox 146 1874 248 1913; x_wconf 79' lang='lat' dir='ltr'>ratio</span> <span class='ocrx_word' id='word_1_196' title='bbox 287 1873 430 1913; x_wconf 77' lang='lat' dir='ltr'>eodem</span> <span class='ocrx_word' id='word_1_197' title='bbox 464 1876 594 1915; x_wconf 88' lang='lat' dir='ltr'>modo</span> <span class='ocrx_word' id='word_1_198' title='bbox 627 1874 868 1925; x_wconf 65' lang='lat' dir='ltr'>instituatur,</span> <span class='ocrx_word' id='word_1_199' title='bbox 904 1873 973 1914; x_wconf 85' lang='lat' dir='ltr'>nifi</span> <span class='ocrx_word' id='word_1_200' title='bbox 995 1874 1100 1928; x_wconf 87' lang='lat' dir='ltr'>quod</span> <span class='ocrx_word' id='word_1_201' title='bbox 1131 1887 1313 1917; x_wconf 77' lang='lat' dir='ltr'>numerus</span> <span class='ocrx_word' id='word_1_202' title='bbox 1337 1881 1458 1928; x_wconf 79' lang='lat'><strong>3267</strong></span> 
     </span>
     <span class='ocr_line' id='line_1_26' title="bbox 143 1938 1325 1993; baseline 0.004 -17"><span class='ocrx_word' id='word_1_203' title='bbox 143 1938 292 1992; x_wconf 82' lang='lat' dir='ltr'>negligi</span> <span class='ocrx_word' id='word_1_204' title='bbox 324 1938 465 1992; x_wconf 74' lang='lat' dir='ltr'>debct3</span> <span class='ocrx_word' id='word_1_205' title='bbox 500 1952 598 1993; x_wconf 78' lang='lat' dir='ltr'>quae</span> <span class='ocrx_word' id='word_1_206' title='bbox 631 1938 684 1979; x_wconf 87' lang='lat' dir='ltr'>est</span> <span class='ocrx_word' id='word_1_207' title='bbox 716 1938 851 1991; x_wconf 80' lang='lat' dir='ltr'>regula</span> <span class='ocrx_word' id='word_1_208' title='bbox 883 1939 966 1979; x_wconf 84' lang='lat' dir='ltr'>iam</span> <span class='ocrx_word' id='word_1_209' title='bbox 1000 1938 1136 1993; x_wconf 77' lang='lat' dir='ltr'>passim</span> <span class='ocrx_word' id='word_1_210' title='bbox 1169 1940 1325 1983; x_wconf 76' lang='lat' dir='ltr'>tradita.</span> 
     </span>
    </p>
   </div>
   <div class='ocr_carea' id='block_1_5' title="bbox 147 2061 1460 2241">
    <p class='ocr_par' dir='ltr' id='par_1_5' title="bbox 147 2061 1460 2241">
     <span class='ocr_line' id='line_1_27' title="bbox 266 2061 1459 2125; baseline 0.003 -16"><span class='ocrx_word' id='word_1_211' title='bbox 266 2061 300 2109; x_wconf 61' lang='grc' dir='ltr'>ξ.</span> <span class='ocrx_word' id='word_1_212' title='bbox 344 2081 412 2118; x_wconf 80' lang='lat'>29.</span> <span class='ocrx_word' id='word_1_213' title='bbox 471 2067 644 2109; x_wconf 74' lang='lat' dir='ltr'>Multam</span> <span class='ocrx_word' id='word_1_214' title='bbox 698 2067 857 2122; x_wconf 87' lang='lat' dir='ltr'>quidem</span> <span class='ocrx_word' id='word_1_215' title='bbox 900 2082 1066 2123; x_wconf 75' lang='lat' dir='ltr'>operam</span> <span class='ocrx_word' id='word_1_216' title='bbox 1108 2071 1270 2125; x_wconf 85' lang='lat' dir='ltr'>requirit</span> <span class='ocrx_word' id='word_1_217' title='bbox 1314 2070 1459 2113; x_wconf 85' lang='lat' dir='ltr'>solutio</span> 
     </span>
     <span class='ocr_line' id='line_1_28' title="bbox 147 2133 1460 2191; baseline 0.004 -19"><span class='ocrx_word' id='word_1_218' title='bbox 147 2144 219 2186; x_wconf 89' lang='lat' dir='ltr'>pro</span> <span class='ocrx_word' id='word_1_219' title='bbox 254 2133 430 2186; x_wconf 77' lang='lat' dir='ltr'>pluiibus</span> <span class='ocrx_word' id='word_1_220' title='bbox 463 2133 717 2187; x_wconf 78' lang='lat' dir='ltr'>diuisoribus,</span> <span class='ocrx_word' id='word_1_221' title='bbox 751 2133 779 2174; x_wconf 88' lang='lat' dir='ltr'><strong>fi</strong></span> <span class='ocrx_word' id='word_1_222' title='bbox 822 2134 981 2188; x_wconf 88' lang='lat' dir='ltr'>quidem</span> <span class='ocrx_word' id='word_1_223' title='bbox 1023 2135 1229 2191; x_wconf 74' lang='lat' dir='ltr'>problema</span> <span class='ocrx_word' id='word_1_224' title='bbox 1266 2137 1460 2177; x_wconf 86' lang='lat' dir='ltr'>continuo</span> 
     </span>
     <span class='ocr_line' id='line_1_29' title="bbox 147 2196 1457 2241; baseline 0.002 -3"><span class='ocrx_word' id='word_1_225' title='bbox 147 2197 255 2239; x_wconf 75' lang='lat' dir='ltr'>Tom.</span> <span class='ocrx_word' id='word_1_226' title='bbox 294 2198 402 2241; x_wconf 84' lang='lat' dir='ltr'><em>VII.</em></span> <span class='ocrx_word' id='word_1_227' title='bbox 811 2196 832 2239; x_wconf 91' lang='grc' dir='ltr'><strong>Ι</strong></span> <span class='ocrx_word' id='word_1_228' title='bbox 1407 2200 1457 2240; x_wconf 78' lang='lat' dir='ltr'>ad</span> 
     </span>
    </p>
   </div>
  </div>
 </body>
</html>
