2014 2761
496 185 521 215 2
531 175 553 215 8
564 176 586 215 8
663 165 753 214 DE
785 160 1244 212 CIRCVLATIONE
1275 161 1435 210 SANG
1445 159 1638 212 VINIS.

495 289 665 331 obstante
696 290 762 332 illa
793 291 983 332 celeritate
1015 289 1054 329 in
1087 286 1279 344 principio
1310 288 1511 343 transitu53
1564 297 1604 328 et
1639 301 1714 343 quo
1750 289 1810 335 al-

494 356 570 397 tior
587 355 713 397 euadit
731 356 912 398 columna
928 367 1044 410 aquea
1056 385 1066 404 ,
1101 366 1150 394 eo
1167 353 1342 406 longiore
1361 367 1472 395 mora
1491 353 1652 395 altitudo
1671 368 1814 411 aequa*

493 420 537 461 lis
560 421 801 463 obtinebitur.
867 420 1007 462 Preffio
1026 420 1156 469 enim,
1190 431 1307 472 quam
1334 431 1428 473 aqua
1447 419 1578 460 inistis
1604 419 1700 460 tubis
1718 434 1809 475 gra·-

494 485 611 527 uitans
636 496 810 537 exercet,
843 487 946 527 iuxta
973 496 1203 526 communes
1227 483 1372 537 regulas
1397 484 1669 538 hydrostaticas
1687 498 1738 530 ex
1756 489 1816 531 sa.

496 549 563 592 &to
590 549 794 593 altitudinis
825 553 864 594 in
891 551 991 593 basin
1019 549 1208 592 aestimari
1235 549 1362 590 debet.

611 675 652 727 ὖ.
693 695 766 733 13.
828 681 933 724 Haec
966 681 1230 737 experimenta
1262 680 1311 721 ad
1343 689 1498 722 motum
1531 679 1711 734 sanguinis
1742 682 1815 725 ad*

494 746 621 802 plicita
655 750 704 799 (ξ.
731 749 821 800 12.)
856 748 1041 801 sequentia
1075 746 1239 786 docent·.
1284 748 1345 796 1.)
1377 743 1418 786 Si
1445 744 1700 800 supponamus
1725 745 1811 789 vafit

493 825 622 854 vacua
655 815 837 865 (§.11.)‚
874 822 912 854 et
943 813 1022 853 iam
1059 823 1157 851 nnnc
1192 810 1410 864 implenda:
1444 811 1609 851 omnino
1646 812 1734 862 fiet,
1768 820 1814 854 vt

493 877 634 931 sanguis
665 878 810 918 arteriis
839 878 970 918 infiisus
991 907 1003 926 ,
1056 884 1212 916 remoto
1243 874 1360 914 etiam
1393 876 1504 915 omni
1537 876 1688 930 impetu
1721 890 1743 918 a
1774 876 1818 920 vi

495 943 621 981 cordis
654 953 866 996 concept0‚
900 943 959 982 sua
991 940 1148 994 propria
1179 939 1363 992 grauitate
1395 939 1548 980 tandem
1583 954 1653 995 per
1682 950 1815 981 extre-

496 1005 649 1047 mitates
684 1007 881 1062 capillares
920 1006 1061 1047 aliosne
1099 1003 1230 1045 duetus
1268 1003 1632 1055 communicantes,
1681 1005 1815 1046 ceteris

496 1071 665 1125 paribus,
701 1072 740 1111 in
773 1083 956 1112 venarum
983 1070 1111 1111 alueos
1138 1078 1314 1110 transeat.
1381 1068 1569 1126 Quamuis
1596 1069 1703 1109 enim
1731 1081 1815 1110 non

497 1135 712 1189 negandum
741 1135 807 1187 sit,
841 1136 991 1177 arterias
1020 1133 1238 1188 caleares,
1275 1133 1402 1188 quales
1429 1133 1608 1174 structura
1641 1134 1816 1188 corporis

497 1199 674 1240 animalis
707 1200 817 1240 nobis
847 1200 1005 1241 exhibet
1027 1229 1037 1249 ,
1080 1199 1199 1253 longe
1236 1198 1439 1239 subtiliores
1472 1197 1545 1238 effe
1568 1230 1579 1249 ‚
1621 1210 1736 1253 quam
1770 1207 1817 1241 vt

497 1264 574 1305 vlla
619 1274 697 1305 arte
739 1265 891 1307 illarum
937 1263 1119 1321 angustias
1158 1263 1350 1304 imitando
1391 1262 1561 1305 obtinere
1608 1263 1815 1319 possimus:

497 1340 654 1370 manent
696 1329 786 1371 illae
826 1342 957 1372 tamen
993 1328 1243 1370 nihilominus
1275 1327 1355 1369 tubi
1390 1329 1509 1383 peruii
1546 1328 1814 1383 penetrabiles,

497 1404 537 1434 et
565 1394 655 1434 hinc
683 1395 729 1434 ad
758 1395 1007 1435 obtinendum
1038 1393 1219 1433 effeetum
1250 1393 1454 1444 quaesitum
1485 1393 1627 1432 idonci.
1680 1394 1813 1445 Atque

499 1458 537 1498 in
581 1458 657 1498 hoc
698 1460 779 1499 casu
821 1458 1093 1498 assentiendum
1136 1456 1301 1496 omnino
1335 1456 1407 1495 erit
1439 1453 1687 1497 Guilielmino.
1755 1456 1814 1497 At

497 1535 592 1563 vero
629 1524 690 1569 2.)
721 1522 749 1564 si
781 1521 921 1577 sanguis
952 1520 1200 1577 grauitatione
1233 1521 1291 1561 lua
1323 1532 1399 1561 vna
1431 1519 1545 1561 semel
1577 1522 1662 1561 vice
1694 1532 1815 1574 angu-

500 1587 583 1629 stias
618 1587 856 1641 capillarium
889 1588 1072 1642 superauit
1092 1617 1104 1637 ‚
1155 1595 1265 1640 atque
1297 1586 1342 1626 ad
1375 1586 1637 1640 aequilibrium
1673 1587 1814 1640 perdu-

499 1652 581 1694 stus
599 1652 674 1694 est:
708 1661 792 1693 tum
825 1653 984 1706 grauitas
1015 1653 1052 1692 in
1086 1660 1280 1692 aeternum
1312 1650 1411 1692 nihil
1445 1651 1608 1705 amplius
1639 1651 1686 1692 ad
1719 1662 1813 1692 mo-

500 1726 582 1758 tum
615 1719 693 1759 eius
724 1717 894 1773 confert3
926 1718 986 1759 ssed
1011 1716 1169 1772 quiescet
1195 1717 1282 1767 ille⁷
1319 1717 1359 1757 vi
1388 1716 1494 1757 huius
1521 1715 1630 1771 ipsius
1658 1724 1813 1757 naturae

497 1783 713 1836 grauitantis
745 1783 784 1824 in
816 1784 925 1825 venis
958 1793 1038 1830 tana
1066 1783 1153 1830 diu,
1188 1781 1310 1822 donec
1345 1782 1503 1822 altitudo
1536 1781 1611 1821 eius
1642 1781 1681 1821 in
1714 1792 1813 1822 arte-

497 1847 560 1888 riis
586 1861 654 1902 per
680 1861 825 1891 nouam
853 1849 1090 1891 additionem
1117 1846 1225 1887 auc‘ia
1252 1847 1367 1887 fuerit.
1436 1847 1567 1901 Atque
1593 1845 1688 1887 hacc
1716 1859 1814 1901 pm..

499 1912 636 1966 prietas
668 1914 841 1955 constans
871 1923 1032 1962 manet,
1081 1911 1227 1954 etiamst
1249 1942 1260 1960 ‚
1303 1911 1438 1952 eadem
1475 1920 1654 1953 manente
1686 1924 1810 1954 venae

499 1978 728 2030 capacitate,
772 1981 927 2020 arteriae
960 1979 1143 2019 diameter
1175 1977 1221 2018 ad
1255 1978 1375 2018 varias
1406 1977 1591 2018 distantias
1624 1977 1813 2017 extenda-

500 2049 584 2095 tur;
619 2042 806 2096 siquidem
843 2044 939 2084 nihil
971 2044 1008 2083 in
1043 2042 1262 2096 aequilibrio
1297 2042 1402 2084 fluidi
1435 2051 1626 2090 mutatur,
1659 2040 1810 2084 etiamfi

327 2104 428 2141 rigum
453 2111 480 2132 ²·
502 2106 633 2147 tubum
679 2105 755 2147 Βα
797 2109 963 2162 respectu
1017 2109 1092 2148 tubi
1139 2108 1177 2148 A
1225 2106 1289 2148 vel
1339 2106 1480 2147 centies
1529 2103 1807 2160 amplicaueris.

498 2170 667 2215 Tantum
701 2172 814 2228 igitur
848 2173 976 2226 abest,
1022 2184 1066 2216 vt
1098 2173 1237 2228 sanguis
1267 2172 1450 2227 grauitate
1482 2170 1540 2213 sua
1570 2169 1605 2211 se
1637 2182 1808 2224 promo-

1693 2244 1806 2287 ucat,
