2014 2761
332 940 436 980 Figura
463 949 510 972 12.

529 178 620 218 312
701 161 789 208 DE
823 159 1285 207 CIRCVLATIONE
1318 159 1656 211 SANGVINIS

522 284 647 334 cabo,
697 283 798 337 quod
839 281 1088 324 consideratio
1131 292 1370 324 memoratae
1407 283 1614 337 pyramidis
1655 287 1711 335 (ξ.
1733 291 1839 339 50.)

522 349 736 402 fitnguineae
769 348 877 388 nobis
909 346 1133 402 suppeditat.
1199 346 1459 402 Supponimus
1491 349 1673 389 nimirum
1696 381 1706 400 ‚
1749 354 1834 395 vim

521 413 702 465 sanguinis
734 425 755 452 e
791 412 908 452 corde
944 412 1117 452 irruentis
1152 421 1297 452 tantam
1319 443 1330 465 ‚
1375 422 1417 453 vt
1449 412 1667 455 resistenti-as
1703 424 1781 455 tam
1813 430 1838 457 a

522 477 771 531 grauitatione
804 475 1011 517 columnae
1045 477 1262 531 [anguineae
1284 508 1295 527 ‚
1349 491 1463 532 quam
1503 477 1651 520 aliunde
1685 479 1836 521 obortas

521 542 674 582 vincere
707 541 831 596 poffit,
916 541 1015 582 Non
1048 542 1201 582 dubium
1237 541 1322 591 est,
1374 544 1461 596 quin
1496 543 1589 584 haee
1623 545 1699 584 duo
1731 545 1768 584 in
1801 544 1835 586 se

520 606 687 646 inuicem
720 606 908 660 reagentia
942 600 1226 659 (§.40-43.)
1261 606 1322 646 sub
1355 606 1474 648 finem
1510 607 1659 660 systoles
1692 610 1738 649 ad
1771 621 1835 650 ae·-

518 671 734 725 quilibrium
767 673 898 726 primo
933 672 1177 722 reducantur,
1215 683 1316 711 mox
1344 684 1439 711 vero
1466 673 1630 727 impetus
1658 673 1721 713 ille
1750 674 1835 714 san-

517 736 639 789 guinis
670 749 691 777 a
727 735 940 777 resistentiis
971 736 1081 777 dictis
1114 734 1274 775 viciflim
1306 737 1514 789 superetur.
1584 737 1729 793 Quodsi
1762 738 1836 791 igi-

518 810 576 841 tur
605 801 669 841 vel
701 802 875 842 maxime
911 801 1151 854 prob-arteris,
1189 799 1485 840 ventriculorum
1520 800 1636 841 tatem
1670 802 1836 842 exactis-

520 865 615 907 sime
644 865 762 906 claudi
789 874 966 919 tempore
994 865 1165 917 systoles:
1200 864 1359 903 cessante
1385 873 1513 904 tamen
1541 867 1604 906 iila
1635 865 1730 906 nihil
1756 867 1832 918 est,

521 931 620 983 quod
654 930 867 985 sanguinem
897 941 923 969 a
950 930 1045 969 intra
1081 928 1221 969 limites
1250 928 1483 968 valuularum
1513 930 1537 969 ί]
1565 930 1833 972 consistentem

516 994 668 1034 vlterius
700 994 922 1048 protrudere
959 993 1086 1047 possit.
1154 993 1396 1048 Quapropter
1423 992 1450 1033 fi
1477 993 1592 1033 nullus
1621 994 1733 1043 alius,
1771 996 1833 1036 ille

515 1058 638 1100 saltim
659 1054 818 1112 sanguis
849 1065 1013 1112 tempore
1046 1055 1212 1112 diffloles
1245 1058 1282 1097 ‚in
1314 1058 1537 1098 ventriculos
1568 1056 1770 1099 relabitur.

637 1183 672 1231 ξ.
707 1200 781 1240 57,
837 1188 917 1230 Diu
944 1189 1064 1230 fateor
1092 1188 1207 1231 haesit
1235 1189 1436 1231 meditatio
1464 1187 1587 1229 nostra
1616 1188 1712 1228 circa
1742 1189 1832 1229 vni·-

515 1266 605 1294 cum
641 1253 740 1294 hunc
774 1254 953 1308 angulum
990 1248 1200 1309 (§.4o.);
1253 1267 1347 1309 quae
1379 1263 1509 1294 tamen
1544 1253 1604 1294 vel
1638 1253 1713 1293 hoc
1749 1253 1828 1293 solo

516 1319 676 1359 nomine
708 1319 926 1360 fertilissima
963 1319 1036 1359 dici
1072 1329 1261 1370 meretur,
1306 1320 1409 1372 quod
1443 1328 1523 1358 tam
1557 1317 1758 1358 foecundas
1793 1326 1831 1358 et

516 1384 680 1423 omnino
712 1383 824 1424 vtiles
859 1383 1172 1424 considerationes
1206 1384 1315 1423 nobis
1346 1383 1606 1436 suppeditatur:
1646 1383 1827 1434 siquidem

515 1447 613 1487 inter
647 1447 718 1486 alia
752 1447 877 1487 denuo
910 1446 1111 1486 luculenter
1145 1456 1252 1498 patet
1284 1455 1365 1484 tam
1399 1445 1588 1485 necessitas
1619 1458 1731 1498 quam
1767 1458 1829 1486 ra-

511 1511 569 1550 tio
603 1510 682 1550 iam
715 1510 917 1563 aliquoties
947 1509 1096 1562 allegati
1130 1509 1390 1563 pliaenomeni
1418 1508 1636 1550 Harueiani
1667 1508 1825 1563 &24⁴AE

517 1576 689 1628 §.18.):‚
735 1576 836 1628 quod
875 1575 1058 1615 nimirum
1088 1575 1126 1614 in
1155 1584 1362 1615 momento
1394 1572 1544 1625 systoles
1579 1575 1702 1614 cordis
1739 1587 1829 1615 aor-

514 1646 550 1679 ta
581 1639 761 1693 proxime
789 1639 1001 1693 applantata
1029 1638 1215 1688 dilatetur³
1252 1639 1353 1679 vnde
1381 1639 1459 1678 iam
1488 1639 1747 1679 diuerticnlum
1777 1639 1827 1680 il-

513 1703 576 1744 lud
611 1705 770 1754 (§.51.)
807 1705 1060 1758 quadantenus
1094 1704 1298 1744 innotescit.
1387 1704 1575 1759 Quamuis
1608 1714 1734 1743 autem
1770 1703 1825 1744 ffi-

513 1769 585 1809 cile
620 1769 851 1820 concedam,
887 1779 1059 1810 naturam
1094 1768 1220 1809 multo
1252 1768 1357 1807 citius
1390 1768 1587 1820 negotium
1621 1767 1723 1808 stium
1757 1769 1825 1809 ab-

515 1833 678 1884 soluere,
712 1847 825 1888 quam
864 1846 933 1874 nos
967 1844 1028 1874 aut
1059 1833 1266 1885 cogitando
1298 1841 1360 1872 aut
1392 1831 1584 1873 scribendo
1617 1833 1824 1886 legendoue

514 1897 646 1951 affequi
682 1899 895 1939 valeamus:
939 1897 1015 1937 hoc
1051 1906 1180 1937 tamen
1213 1898 1327 1937 etiam
1364 1898 1580 1949 neutiquam
1617 1898 1687 1937 erit
1717 1897 1823 1938 diffi-

515 1963 694 2012 tendum,
736 1963 867 2013 illam,
912 1962 977 2003 etsi
1013 1961 1266 2011 velociffime,
1312 1974 1389 2001 non
1425 1972 1552 2002 tamen
1589 1975 1657 2016 per
1690 1961 1819 2014 firmis,

513 2025 570 2065 sed
606 2026 848 2080 pededentim
882 2027 1083 2080 procedere
1105 2058 1114 2076 ‚
1169 2037 1203 2066 et
1238 2027 1326 2067 hinc
1363 2039 1410 2066 eo
1443 2027 1626 2067 cautiores
1661 2026 1821 2079 pedisse-

513 2103 605 2143 quos
645 2092 791 2143 poscere
816 2123 826 2141 ‚
877 2104 954 2144 quo
987 2091 1123 2131 fiir-ilius
1156 2092 1193 2131 in
1227 2101 1326 2132 tanta
1363 2091 1596 2131 festinatione
1631 2090 1678 2129 ab
1710 2090 1820 2142 ipsius

511 2155 574 2196 via
602 2167 692 2196 vera
720 2155 928 2207 declinare,
963 2157 1056 2197 etin
1082 2170 1258 2199 errorum
1288 2155 1546 2208 labyrinthum
1577 2153 1696 2194 delabi
1728 2167 1818 2207 pos-

1687 2218 1814 2262 fimus.
