2014 2761
280 182 359 226 ET
395 182 745 227 ORBJTARJM
790 183 1040 227 DETERM
1042 184 1067 227 I
1068 182 1340 229 NATIONE
1401 196 1459 237 71

150 302 333 356 finiatur,
380 304 420 344 id
463 304 569 358 quod
612 303 714 345 mihi
758 305 928 360 sequenti
972 308 1099 348 modo
1144 306 1466 349 commodiffime

148 377 332 430 praestari
369 377 551 428 videtur,
586 377 661 416 erit
697 375 844 417 scilicet
865 365 1464 434 Vz-..r—{sw—{flx-f}

133 437 356 495 star—etc.
405 440 496 480 hine
535 441 645 480 euim
680 442 898 482 admodum
933 444 1008 483 erit
1050 443 1164 486 facile
1199 445 1386 499 angulum
1422 446 1462 485 V

145 507 340 546 inuenire.
412 505 521 545 Nam
544 506 717 544 sumatur
747 507 830 558 log.
843 503 906 558 sx
935 507 1081 549 abhoc
1113 508 1357 551 subtrahatur
1377 509 1463 563 log.

148 572 207 632 Ξ,
240 578 444 629 denuoque
480 576 720 615 subtrahatur
755 578 822 617 iste
858 578 938 630 log„
977 583 1032 630 6,
1078 585 1326 636 46372613
1371 584 1464 623 refi-

145 644 265 684 duum
301 650 507 694 quaeratur
554 641 656 679 inter
692 641 957 694 lugarithmos
1002 656 1259 686 numerorum
1304 656 1465 687 natura-

142 707 271 757 lium⁷
308 717 568 758 numerusque
602 704 840 758 respondens
873 708 983 748 dabit
1017 709 1205 762 angulum
1248 711 1288 751 in
1324 714 1464 752 miuu-

142 772 194 811 tis
230 769 382 824 primis.
451 768 523 808 Iste
560 770 700 809 demde
737 772 900 824 angulus
932 771 1174 814 subtrahatur
1208 775 1256 815 ab
1290 788 1463 816 anoma-

142 836 194 876 lia
233 834 367 874 media
406 847 457 885 x,
494 834 708 888 residuique
742 837 875 889 anguli
910 837 1007 877 finus
1046 839 1222 891 capiatur
1261 840 1462 893 logarith-

143 921 256 960 mus,
294 922 315 948 a
347 921 426 961 quo
461 920 543 948 tam
580 908 663 960 log.
700 901 728 961 {j
768 921 885 962 quam
927 913 980 961 6,
1004 913 1218 961 4637261
1257 910 1460 952 subtraha-

140 983 231 1025 tur,
275 985 532 1028 numerusque
575 972 824 1025 logaritlimo
870 974 1018 1015 residuo
1065 974 1299 1029 respondens
1351 977 1460 1017 dabit

140 1050 351 1079 numerum
401 1039 648 1078 minutorum
701 1039 927 1092 primorum
974 1039 1021 1080 ab
1064 1053 1093 1080 x
1138 1039 1459 1094 subtrahendum,

140 1103 303 1156 angulus
338 1102 529 1154 refiduus,
568 1103 596 1143 si
627 1115 725 1156 opus
761 1101 839 1143 effe
871 1103 1099 1157 censeatur„
1137 1105 1267 1146 denuo
1310 1107 1459 1146 eodem

142 1167 270 1208 modo
306 1167 513 1219 tractetur,
550 1168 677 1207 donec
713 1169 873 1208 tandem
911 1182 1036 1223 neque
1070 1170 1241 1224 amplius
1272 1181 1457 1224 augeatur

143 1243 271 1284 neque
306 1233 527 1284 minuatur·⁷
565 1243 678 1284 atque
712 1242 796 1273 tum
830 1233 898 1273 iste
932 1235 1092 1287 angulus
1125 1236 1201 1276 erit
1238 1248 1352 1277 verus
1382 1249 1461 1276 va-

141 1293 204 1337 lor
239 1293 352 1348 ipsuis
388 1294 446 1333 Vt.

255 1422 291 1472 ξ,
329 1434 396 1461 10.
437 1417 605 1460 quento
639 1418 716 1461 liae
747 1419 901 1461 ratione
936 1424 1082 1476 angulo
1114 1424 1180 1477 V,
1217 1439 1237 1466 a
1258 1426 1459 1480 logarith-

139 1508 210 1537 mo
246 1495 326 1535 eius
361 1494 460 1534 sinus
503 1494 630 1533 denuo
671 1503 751 1533 tam
788 1493 870 1547 log.
904 1487 935 1547 ζ-
971 1507 1093 1547 quam
1126 1500 1181 1548 6,
1230 1501 1447 1548 4637261

136 1558 399 1608 subtrahatur,
440 1567 480 1597 et
515 1570 697 1598 uumerus
731 1558 881 1598 residuo
916 1559 1153 1613 respondeus
1188 1562 1298 1602 dabit
1329 1576 1453 1618 angu-

135 1625 219 1666 lum
255 1626 296 1664 in
334 1623 488 1664 minutis
525 1624 667 1676 primis
706 1621 955 1676 expressum,
1000 1626 1066 1677 qui
1104 1627 1152 1666 ab
1195 1627 1233 1667 V
1278 1626 1449 1671 subtrahi

134 1690 276 1741 debet,
304 1679 583 1740 >residuumque
622 1689 697 1727 crit
734 1689 933 1728 anomalia
954 1701 1047 1730 vera
1074 1691 1156 1731 iam
1177 1691 1263 1732 satis
1283 1693 1446 1748 exac‘ta3

135 1756 263 1807 magis
301 1766 399 1793 vero
434 1753 608 1793 correaa
646 1752 785 1793 euadet
823 1753 849 1793 fi
886 1753 989 1794 sinus
1024 1754 1130 1809 dupli
1171 1756 1360 1808 anguliV
1387 1757 1452 1798 su-

134 1837 266 1868 matur
303 1824 565 1879 logarithmus
603 1825 651 1866 ab
690 1838 816 1880 eoque
854 1826 994 1880 duplus
1032 1826 1115 1880 tog.
1140 1821 1197 1881 ξ,
1228 1839 1268 1868 et
1295 1829 1374 1882 log.
1401 1846 1446 1881 4.

133 1903 249 1946 atque
287 1901 485 1944 praeterea
514 1893 565 1943 6,
597 1895 810 1940 4637261
852 1890 1120 1932 subtrahantur
1158 1892 1296 1933 refidui
1333 1896 1444 1937 euim

132 1968 318 1999 numerus
354 1953 589 2006 respondens
633 1955 744 1995 dabit
778 1957 930 1998 minuta
969 1957 1100 2010 prima
1116 1956 1272 2012 insuper
1290 1959 1356 1999 vel
1376 1961 1451 2000 ad·—

133 2022 258 2064 denda
289 2019 356 2060 vel
383 2018 633 2059 lubtmhenda
669 2031 790 2074 prout
836 2022 874 2061 V
922 2021 988 2062 vel
1031 2022 1165 2063 minor
1209 2023 1277 2063 vel
1315 2025 1446 2065 maior

132 2087 250 2128 fuerit
286 2097 404 2138 quam
444 2091 536 2133 90⁰.
603 2084 806 2125 Praeterea
825 2087 947 2127 etiam
968 2086 1166 2139 sequentes
1195 2088 1359 2128 termini
1388 2088 1450 2129 le-

132 2153 231 2206 εἰεί,
269 2150 330 2190 cui
364 2162 390 2191 z
426 2148 594 2202 aequalis
625 2149 683 2190 est
720 2149 908 2206 inuenta,
947 2151 1093 2193 eodem
1133 2153 1258 2195 modo
1277 2166 1447 2207 compu-

1364 2227 1440 2257 tzlsl.
