2014 2761
513 181 605 230 326
671 172 759 218 DE
792 169 1247 219 CIRCVLATIONE
1286 168 1628 219 SANGVINIS

547 296 637 347 10.)
669 294 806 338 Latera
838 294 1134 337 ventriculorum
1167 294 1207 334 in
1240 293 1396 335 diastole
1437 307 1516 336 non
1556 294 1623 337 nisi
1654 295 1702 335 ad
1734 309 1818 339 cer..

656 369 740 402 tum
772 361 932 415 gradum
964 360 1146 408 relaxari,
1187 367 1226 399 et
1258 358 1346 399 hinc
1379 359 1419 398 vi
1450 360 1612 413 quadam
1646 370 1820 403 extranea

658 426 815 466 vlterius
860 424 1016 466 extendi
1057 423 1192 466 debere
1212 455 1223 475 ‚
1276 432 1320 465 vt
1351 432 1438 478 apta
1472 423 1566 465 fiant
1598 424 1644 465 ad
1678 437 1822 468 nouam

659 489 834 542 systolen.

628 553 781 596 Omnes
803 555 876 596 hae
903 554 1182 608 propositiones
1206 555 1346 608 partim
1375 566 1425 595 ex
1451 553 1516 604 iis,
1551 567 1622 607 qua
1648 555 1687 594 in
1707 551 1826 608 Capi-

508 630 546 662 te
565 620 720 674 primo,
756 630 795 660 et
820 621 860 660 in
889 619 963 659 hoc
995 618 1155 659 secundo
1181 620 1259 658 iam
1289 619 1472 666 stabilivi,
1512 621 1651 672 partim
1681 632 1730 659 ex
1758 620 1826 660 ad-

510 685 651 727 scititiis
685 685 877 739 principiis
905 685 1130 724 anatomicis
1159 685 1208 723 ita
1236 683 1343 722 facile
1373 683 1524 736 poffuut
1550 684 1824 733 demonstrari,

513 759 558 791 vt
589 762 720 791 earum
757 748 939 803 ampliori
971 748 1198 789 deductione
1230 746 1500 801 supersedeam.
1577 748 1831 802 Propercmus

514 815 631 870 igitur
664 815 711 856 ad
742 812 1008 856 conclusiones.

643 908 682 956 ξ.
720 924 794 963 72.
861 911 1027 968 Quando
1059 908 1142 951 Cor
1173 911 1212 950 in
1243 908 1379 961 systole
1411 909 1483 951 effe
1519 911 1682 964 incipit3
1735 923 1832 952 con-

513 977 653 1019 traffio
685 977 937 1017 auricularum
970 974 1075 1016 finita
1111 975 1178 1015 est.
1245 973 1286 1016 Si
1320 975 1433 1028 igitur
1465 985 1546 1015 tum
1582 975 1832 1015 auricularum

516 1042 633 1084 latera
666 1041 781 1082 velles
822 1040 974 1081 diducsta
995 1071 1005 1089 ‚
1059 1039 1259 1079 necessario
1291 1051 1454 1079 vacuum
1488 1038 1654 1079 haberes.
1754 1039 1833 1079 Vbi

516 1115 647 1148 autem
682 1117 847 1146 vacuum
880 1104 959 1153 est,
993 1103 1046 1144 ibi
1075 1103 1274 1144 resistentia
1301 1103 1354 1143 est
1381 1102 1495 1143 nulla.
1561 1102 1725 1157 Sanguis
1760 1103 1835 1156 igi-

518 1179 579 1212 tur
612 1182 661 1210 ex
693 1176 857 1225 Utraque
891 1165 1005 1208 Caua
1038 1169 1074 1209 in
1107 1167 1316 1209 auriculam
1348 1168 1525 1210 dextram
1539 1198 1549 1217 ‚
1583 1174 1620 1208 et
1652 1180 1701 1208 ex
1734 1178 1835 1208 vena

510 1234 717 1292 pulmonali
746 1236 784 1276 in
815 1231 1024 1274 auriculam
1047 1233 1235 1288 sinistram
1267 1231 1467 1274 celeritate
1499 1231 1742 1287 qualicunque
1777 1233 1838 1274 in-

508 1300 628 1358 fluit,
661 1309 701 1341 et
734 1299 884 1340 illarum
918 1299 1142 1354 capacitates
1174 1297 1383 1352 adimplet,
1420 1310 1463 1338 ac
1495 1296 1648 1341 dilatat.

642 1394 681 1442 §.
718 1410 796 1450 73.
864 1397 1040 1438 Auricula
1073 1396 1248 1447 dilatata,
1295 1396 1445 1436 elastica
1480 1395 1517 1434 in
1549 1396 1599 1435 sui
1631 1398 1836 1439 restitutio-

519 1475 611 1506 nem
650 1463 792 1504 nititur.
860 1461 930 1500 Vis
959 1460 1064 1501 huius
1093 1460 1183 1500 nisus
1211 1459 1264 1499 est
1292 1460 1329 1498 in
1357 1459 1504 1499 ratione
1537 1463 1688 1502 numeri
1720 1462 1837 1504 fibra-

519 1541 608 1571 rum
643 1527 690 1568 ad
723 1524 1026 1568 contractionem
1064 1523 1433 1578 correspondentium
1458 1555 1468 1573 ,
1511 1527 1722 1576 quantitatis
1744 1558 1754 1577 ‚
1800 1537 1838 1568 et

522 1593 739 1634 intensitatis
771 1590 916 1631 clateris
949 1588 1013 1630 sui.
1078 1589 1160 1629 Hac
1195 1589 1232 1628 vi
1267 1587 1325 1627 sua
1366 1589 1569 1641 ingenita,
1619 1593 1838 1646 e,2-j);·j7nuszt

509 1654 730 1713 sauguinem
744 1686 754 1706 ,
781 1656 904 1707 finita
937 1654 1077 1695 amone
1110 1654 1255 1701 cordis,
1297 1652 1334 1692 in
1365 1652 1590 1695 ventriculos
1622 1651 1840 1710 respnsf'iuos

525 1734 680 1764 vacuos.
748 1721 947 1777 Quantitas
981 1718 1118 1759 maffae
1152 1718 1421 1758 determinatur
1455 1731 1474 1757 a
1503 1722 1710 1772 capacitate
1742 1722 1840 1762 auri·

523 1788 716 1836 cularum,
750 1798 828 1826 non
864 1783 1043 1837 neglectis
1076 1784 1117 1823 iis
1148 1782 1315 1831 cautelis,
1362 1795 1449 1835 quas
1481 1783 1518 1821 in
1553 1784 1838 1826 determinanda

523 1853 729 1906 quantitate
756 1850 939 1903 (anguinis
967 1861 988 1888 e
1016 1848 1131 1887 corde
1158 1847 1440 1901 prorumpentis
1461 1848 1509 1896 (ξ.
1526 1853 1703 1900 56.57.)
1721 1851 1839 1891 item..

523 1930 596 1971 que
617 1918 653 1956 in
673 1915 809 1970 Capite
827 1914 859 1954 I.
881 1907 917 1954 (5.
935 1916 1166 1964 27.28.·29.
1190 1913 1450 1965 allcgauimus.
1485 1909 1666 1955 Celeritas
1685 1925 1812 1957 autem
1826 1946 1837 1966 ‚

526 1994 597 2035 qua
625 1981 663 2019 in
691 1982 805 2021 latera
830 1977 1125 2019 ventriculorum
1154 1977 1280 2026 irruit,
1311 1990 1332 2017 a
1350 1977 1564 2028 celeritate⁷
1593 1993 1663 2032 qua
1683 1979 1838 2020 musculi

527 2044 776 2086 auricularum
805 2045 838 2083 se
863 2041 1113 2090 contrahunt,
1145 2050 1185 2081 et
1212 2042 1259 2082 ab
1288 2041 1460 2091 orificio,
1494 2055 1569 2094 quo
1599 2044 1765 2083 auricula
1799 2043 1838 2084 iu

527 2109 783 2150 ventriculum
817 2107 917 2155 hiat,
955 2107 1163 2159 dependet,
1197 2116 1234 2147 et
1261 2118 1311 2146 cx
1338 2106 1420 2146 idea
1450 2107 1621 2157 emboli,
1653 2108 1839 2161 capacita-

532 2184 616 2216 tem
643 2174 722 2216 tubi
752 2172 953 2214 minuentis
972 2172 1196 2224 (§.22.23.)
1229 2170 1342 2215 simili
1363 2171 1490 2213 modo
1516 2171 1649 2213 deduci
1667 2172 1805 2227 potest.

1691 2238 1725 2287 (5.
1764 2248 1838 2289 74·
