2014 2761
402 166 851 219 coerTArroNES
884 166 1375 217 PHYszozoGrcAE.
1448 187 1537 226 με,

228 292 465 348 clausumque
500 292 662 333 firmiter
692 292 947 347 vndequaque.
1027 292 1174 351 Quodsi
1206 293 1285 334 iam
1323 294 1405 349 pius
1438 293 1543 335 fluidi

227 359 441 410 addideris,
497 359 614 399 maffa
650 359 756 411 prior
792 359 830 398 in
863 357 1048 399 volumen
1083 359 1208 399 minus
1239 360 1543 414 comprimetur,

226 435 271 464 vt
304 437 403 465 noua
436 424 565 478 portio
598 424 727 464 locum
761 423 1001 464 necessarium
1038 424 1291 478 nanciscatur,
1337 434 1375 464 et
1407 427 1543 465 ambae

227 489 341 530 fimul
367 488 507 528 sumt-ae
536 488 720 528 volumen
750 487 950 541 pristinum
980 489 1240 543 constituent.>
1286 490 1402 530 Fac‘ta
1430 502 1545 530 eom-

225 553 408 609 preffione
439 552 555 592 elater
586 551 691 592 fluidi
724 561 878 605 augetur
911 551 949 591 in
983 555 1129 593 ratione
1166 553 1379 595 maffirum.
1459 556 1544 596 Au-

224 621 362 658 teratur
395 618 449 658 vis
480 616 766 671 comprimens,
809 616 886 658 fiue
918 616 1031 657 cesset
1066 618 1414 672 quomodocunque
1450 620 1546 660 illius

222 682 350 733 aCtio,
383 695 451 722 vas
482 692 609 722 autern
644 681 810 722 clausum
844 691 995 723 maneat
1024 683 1196 729 eiusdem
1224 685 1460 737 capacitatis,
1494 697 1543 725 ne

222 747 329 788 fluidi
361 746 566 802 compreffi
599 746 783 787 volumen
818 747 1018 801 quicquam
1053 757 1240 789 mutetur:
1273 757 1356 789 tum
1380 749 1543 791 fluidum

221 811 300 853 suas
332 813 431 853 vires
469 821 674 866 conceptas
716 810 872 852 habebit
911 821 951 852 et
991 810 1138 854 elateris
1179 812 1462 854 sollicitationes
1495 815 1542 855 ad

222 887 394 919 motum.
460 877 665 931 Aperiatur
699 876 780 917 iam
809 888 875 917 vas
909 889 960 917 ex
993 877 1121 932 aliquo
1152 877 1293 932 latere,
1331 890 1414 920 tum
1450 879 1548 920 viri·

225 942 290 983 bus
321 943 395 982 istis
426 943 587 983 mortuis
619 941 816 982 succedent
848 944 979 991 vinae,
1016 954 1109 996 quae
1137 953 1292 984 motum
1323 943 1427 984 fluidi
1455 945 1543 986 austu

221 1007 462 1061 producent,
517 1007 678 1048 fluidum
711 1007 825 1061 igitur
857 1006 1026 1062 profiliet
1059 1020 1131 1062 pro
1163 1008 1367 1063 quantitate
1405 1009 1543 1050 virium

220 1071 483 1126 pellentium,
535 1072 614 1113 sunt
645 1080 774 1113 autem
807 1071 879 1113 hae
913 1073 951 1113 in
985 1072 1133 1113 ratione
1166 1073 1313 1114 clateris
1345 1073 1469 1123 auc‘ti,
1505 1083 1545 1114 et

220 1135 302 1177 hoc
338 1146 585 1190 augmentum
620 1137 658 1177 in
694 1137 841 1178 ratione
874 1137 932 1178 vis
965 1138 1275 1192 comprimentis.
1364 1138 1542 1179 Flnidum

222 1201 335 1255 igitur
361 1201 582 1244 monebitur
607 1215 681 1257 pro
709 1203 912 1257 quantitate
939 1203 1110 1254 virium,
1150 1205 1254 1259 queis
1280 1203 1542 1258 compressum

218 1265 352 1308 fuerat.

341 1325 378 1374 ξ.
414 1336 488 1383 69.
540 1331 749 1385 Videmus,
783 1345 824 1374 re
855 1331 926 1375 hac
961 1332 1150 1375 methodo
1181 1333 1415 1376 considerata
1447 1348 1543 1377 enn=

221 1396 313 1438 dem
350 1397 530 1437 effectum
567 1397 751 1446 obtineri,
790 1411 834 1438 ac
866 1399 895 1438 fi
928 1412 993 1439 vas
1024 1398 1243 1448 elasticum,
1278 1399 1436 1440 fluidum
1471 1413 1541 1441 ve-

221 1474 266 1501 ro
295 1461 455 1515 rigidum
485 1460 605 1501 (uerit.
664 1461 839 1503 Fluidum
868 1463 1062 1503 elasticum
1091 1463 1285 1517 colligitur
1314 1465 1351 1504 in
1378 1463 1541 1518 spatium

222 1527 365 1578 minus,
401 1536 584 1580 quantum
605 1525 783 1568 videlicet
809 1528 964 1581 requirit
990 1528 1151 1568 fluidum
1181 1529 1307 1569 denuo
1337 1529 1539 1582 accedens,

221 1601 259 1631 et
293 1592 371 1645 pius
404 1592 541 1632 maffae
575 1592 732 1645 quidem
766 1592 867 1633 adest
887 1623 897 1640 ,
940 1594 998 1632 sed
1031 1593 1092 1632 iub
1129 1594 1267 1633 eodem
1306 1594 1537 1649 volumine,

222 1655 311 1696 Hoc
346 1669 442 1697 vero
474 1658 577 1697 idem
615 1657 668 1697 est
689 1689 698 1707 ,
752 1670 794 1697 ac
827 1656 854 1698 fi
888 1657 1046 1697 fluidum
1085 1670 1163 1696 non
1196 1658 1389 1698 elnsticum
1426 1658 1539 1699 volu-

224 1722 329 1761 mine
363 1722 514 1762 :metum
554 1722 780 1776 reciperetur
811 1721 849 1761 in
888 1734 952 1762 vas
985 1722 1211 1772 elnsticum,
1263 1723 1461 1764 dilatatum
1499 1733 1538 1766 et

223 1785 467 1839 ampliatum.
535 1786 672 1840 Neque
702 1788 845 1828 minus:
884 1786 1013 1842 quodsi
1033 1787 1191 1827 fluidum
1213 1787 1404 1829 elasticum
1424 1800 1538 1830 com-

224 1852 386 1904 prefium
425 1851 560 1891 iterum
593 1852 628 1891 se
663 1852 843 1905 expandit
865 1883 875 1902 ,
929 1861 968 1893 et
999 1853 1037 1893 vi
1074 1852 1131 1893 sua
1166 1852 1296 1894 locum
1329 1853 1394 1895 fibi
1429 1863 1538 1896 extra

224 1927 288 1955 vas
323 1928 392 1968 per
423 1915 553 1955 datam
587 1925 741 1968 portam
775 1917 950 1972 quaerit,
998 1930 1075 1957 non
1108 1917 1198 1958 illud
1232 1928 1357 1960 totum
1392 1918 1537 1971 effluit,

222 1979 280 2020 sed
314 1990 484 2030 tantum,
519 1989 700 2033 quantum
735 1981 860 2021 denuo
894 1983 1114 2037 accesserat,
1153 1993 1189 2022 et
1215 1983 1397 2037 sputum,
1434 1985 1536 2038 quod

221 2045 321 2099 prius
354 2054 623 2099 occupauerat,
662 2043 784 2086 adhuc
819 2046 1072 2101 adimpletum
1107 2050 1375 2103 permamnt,
1434 2050 1535 2090 fiue:

221 2110 475 2150 continebitur
509 2111 624 2150 mam
659 2111 765 2165 prior
801 2110 901 2152 fluidi
937 2113 999 2153 sub
1031 2113 1230 2153 volumine
1263 2115 1431 2168 pristino.
1480 2114 1536 2153 At

225 2185 320 2215 vero
354 2175 460 2218 idem
494 2172 581 2228 fiet,
618 2175 645 2219 fi
677 2188 743 2217 vas
775 2176 968 2217 elasticum
996 2179 1029 2219 se
1057 2179 1268 2236 contrahit,
1304 2178 1535 2235 expeilendo

812 2241 852 2282 T
872 2251 887 2282 t
924 2256 949 2295 3
1426 2242 1532 2284 enim
