2014 2761
513 182 607 230 ιω,
727 172 816 221 DE
848 171 1311 222 MVTATIONIBVS
1345 173 1601 226 elimam

751 308 827 352 111.
884 307 1259 353 COROLLARIA
1299 309 1583 355 DEDVCTA

884 380 951 418 EX
982 380 1445 418 OBSERVATIONIBVS.

661 471 799 526 Aquae
828 469 968 524 Calor,
1003 473 1097 514 dum
1125 472 1186 513 sub
1212 473 1334 526 glacie
1364 472 1465 514 tecta
1494 472 1606 514 fluxit
1637 470 1722 525 illa,
1757 486 1827 517 nec

509 535 800 578 decrementum
835 537 953 592 passus
986 537 1039 578 est
1075 550 1144 578 nec
1176 538 1483 590 incrementum,
1521 539 1579 579 sed
1609 551 1676 593 per
1702 549 1824 581 totam

507 601 680 654 hyemen
713 603 818 643 idem
852 602 1082 657 permansit,
1119 613 1158 643 et
1187 604 1342 658 quidem
1378 605 1451 651 ita,
1489 613 1532 643 vt
1559 605 1766 646 mercurius
1790 605 1828 646 in

508 668 548 707 T
550 667 846 718 hermometro‚
881 681 957 722 quo
986 669 1068 708 vsus
1097 681 1226 718 eram,
1261 670 1411 722 semper
1439 668 1593 709 haeserit
1619 671 1714 710 circa
1742 683 1830 723 gra-

508 732 603 774 dum
642 736 771 783 (152)
806 733 1057 773 centesimum
1091 733 1438 786 quinquagesimum
1472 733 1697 784 secundum,
1732 746 1830 786 qno-

507 799 719 853 tiescunque
750 798 790 837 in
822 811 960 852 aquam
997 798 1253 838 intrudebtitur
1286 798 1612 852 instrunientum3
1655 798 1829 852 qualem..

509 875 655 916 cunque
682 862 818 903 deinde
846 863 983 903 faciem
1012 856 1075 903 a'er
1102 863 1301 903 induxerit.
1371 863 1467 904 Non
1495 863 1607 916 igitur
1635 864 1829 918 ingruente

509 928 596 982 gelu
629 927 797 980 frigidior
830 939 1018 980 vmquam
1050 927 1148 967 facta
1180 927 1234 966 est
1267 939 1385 980 aqua,
1422 939 1491 966 nec
1519 928 1675 967 mitiore
1704 938 1742 967 et
1769 942 1830 969 re-

507 992 689 1033 mittente
721 992 948 1045 tempestate
981 991 1155 1032 calidior.
1222 990 1277 1032 Et
1302 1004 1350 1031 ne
1377 992 1455 1045 quis
1486 1000 1615 1045 putet,
1657 992 1830 1033 resisten-

510 1057 607 1097 tiam
651 1056 745 1096 forte
790 1058 979 1110 quandam
1016 1056 1055 1096 in
1093 1056 1185 1096 tubo
1217 1057 1299 1110 ipso
1330 1056 1431 1097 fuisse
1456 1087 1466 1105 ,
1519 1069 1590 1109 qua
1624 1056 1832 1109 impeditus

508 1130 588 1162 erat
625 1120 857 1170 Mercurius,
894 1134 942 1161 ne
976 1119 1083 1162 altius
1115 1121 1345 1171 ascenderet,
1381 1121 1725 1174 experimentando
1761 1121 1832 1160 du-

510 1185 617 1225 bium
660 1197 782 1228 omne
823 1185 960 1226 sustuli.
1057 1186 1252 1226 Transtuli
1287 1187 1393 1226 enim
1426 1186 1466 1224 in
1499 1185 1628 1225 locum
1661 1183 1830 1225 calidum

507 1250 828 1301 instrumentum,
864 1260 904 1291 et
922 1251 1157 1292 mercurium
1187 1250 1287 1291 facili
1314 1251 1474 1304 negotio
1495 1249 1540 1289 ad
1559 1248 1717 1302 gradum
1749 1253 1825 1290 80.

511 1315 655 1369 pepuli.
721 1315 917 1369 Apparuit
958 1315 1047 1356 hinc
1090 1329 1168 1356 non
1213 1315 1337 1357 modo
1380 1313 1494 1355 filum
1537 1314 1759 1356 mercuri-ale
1792 1315 1830 1355 in

509 1380 629 1420 Tubo
650 1410 660 1428 ‚
705 1380 860 1433 aequale
895 1389 934 1420 et
965 1381 1220 1430 continuum,
1268 1380 1327 1419 sed
1364 1389 1402 1418 et
1435 1391 1533 1418 mox
1566 1380 1605 1419 in
1639 1393 1731 1433 aqua
1766 1380 1833 1420 fri-

510 1445 597 1497 gida
625 1443 671 1483 ad
697 1445 896 1497 pristinum
924 1445 1028 1483 suum
1058 1445 1218 1496 gradum
1244 1453 1344 1492 152.
1366 1441 1559 1495 delapsum
1578 1442 1646 1482 est.
1714 1442 1831 1484 Vnde

507 1509 556 1549 de
587 1507 865 1564 phaenomeno
898 1507 1116 1549 certiffimus
1151 1507 1223 1548 effe
1257 1515 1451 1561 poteram.

661 1616 830 1674 Quando
856 1616 1067 1659 Mercurius
1093 1616 1133 1655 in
1159 1627 1245 1656 aere
1271 1613 1395 1655 libero
1429 1614 1620 1668 expositus
1654 1612 1834 1656 haerebat

510 1681 611 1724 circa
653 1682 786 1737 gradus
826 1686 1062 1733 152-156.
1104 1680 1168 1721 ille
1211 1681 1342 1734 gradus
1383 1679 1514 1720 caloris
1557 1678 1679 1720 adhuc
1721 1690 1832 1734 aptus

510 1757 616 1799 erat,
650 1756 695 1788 vt
726 1748 794 1787 nix
826 1747 866 1787 in
898 1759 947 1787 eo
982 1746 1219 1788 descenderet
1253 1758 1298 1785 ac
1331 1744 1571 1795 coniisteret‚
1607 1744 1666 1784 vti
1700 1745 1830 1786 videre

512 1813 574 1854 est.
617 1812 657 1853 d.
689 1827 734 1864 4.
770 1815 807 1854 8.
838 1827 882 1864 9.
915 1825 989 1853 10.
1027 1825 1096 1857 17.
1132 1814 1204 1850 28.
1240 1824 1313 1862 30.
1345 1809 1493 1851 Martii.
1560 1808 1726 1865 Quando
1761 1823 1829 1850 au·-

510 1886 592 1919 tem
626 1877 785 1918 ascendit
816 1877 863 1919 ad
894 1890 954 1933 gr.
990 1878 1102 1928 1503
1142 1879 1245 1928 148.
1294 1884 1332 1917 ct
1364 1874 1499 1917 vltra:
1545 1874 1614 1915 nix
1649 1885 1748 1916 mox
1779 1874 1829 1918 li-

511 1942 720 1997 quescebat.

660 2053 770 2094 Haec
806 2060 1024 2095 memorata
1061 2050 1329 2106 phaenomena
1362 2049 1594 2092 confirmant
1625 2061 1692 2098 ea,
1734 2060 1829 2101 quae

510 2119 590 2162 iam
635 2128 721 2160 ante
754 2119 803 2159 de
838 2118 966 2159 calore
1007 2130 1121 2171 aquae
1157 2127 1249 2159 nota
1283 2119 1442 2157 fuerunt.
1541 2114 1610 2155 Est
1644 2113 1827 2154 nimirum

509 2194 628 2228 certus
660 2183 788 2239 aliquis
818 2183 949 2238 gradus
968 2214 980 2235 ,
1024 2182 1122 2225 vltra
1156 2195 1272 2239 quem
1303 2182 1331 2226 st
1365 2178 1548 2222 descendit
1569 2209 1580 2231 ,
1623 2190 1715 2232 aqua
1749 2189 1826 2218 non

1663 2242 1827 2300 amplius
