2014 2761
587 106 1119 156 ANAToMrcARVM.
1415 126 1506 168 217

187 231 284 272 fatus
317 230 438 285 liquor
470 233 816 288 comprimeretur,
853 243 989 286 aerque
1020 232 1061 272 vi
1093 231 1381 287 impelleretur,
1427 242 1511 277 tam

187 297 293 351 supra
326 310 440 351 quam
474 298 590 349 infra,
625 298 777 338 cauit-as-
798 296 899 337 nulla
925 297 972 337 ad
999 296 1141 339 sensum
1169 299 1390 354 apparebat.

309 423 402 482 Obs.
443 442 485 479 3.
537 427 602 479 Si,
638 429 744 469 iuxta
776 427 865 468 alias
901 426 1199 482 obseruationes,
1233 430 1272 470 in
1306 429 1516 485 praefatam

189 493 465 547 appendicem,
511 494 663 533 inflicto
696 492 771 532 leui
805 491 981 542 vulnere,
1025 506 1087 532 aer
1120 507 1189 547 per
1221 495 1397 536 tubulum
1437 496 1515 536 for-

188 559 257 597 tius
288 556 445 608 adigitur
468 587 478 606 ‚
533 556 673 597 canalis
713 555 814 596 haud
847 568 935 595 raro
968 566 1158 610 apparet,
1214 557 1316 600 vltra
1349 560 1516 602 fissuram

187 620 402 671 Thyroidis
441 621 670 675 cartilaginis
713 620 760 661 ad
803 632 1017 661 concauam
1062 621 1164 662 basin
1207 622 1295 663 offis
1326 622 1513 676 Hyoidis‚

186 694 224 724 et
243 716 253 735 ,
305 694 348 725 vt
384 684 598 740 frequenter
638 686 692 726 est
732 685 969 726 obseruatum
988 717 999 737 ,
1051 686 1298 728 finisti-orsum
1341 688 1511 729 tendens.

182 750 270 806 Qua
306 749 563 791 obseruatione
585 783 595 801 ‚
645 751 744 791 forte
776 750 815 791 in
848 750 1096 803 suspicionem
1131 751 1323 792 cuiusdam
1357 752 1511 806 duetus,

185 815 301 855 multi
334 815 416 856 suut
447 816 617 856 adducti.
722 814 840 856 Nunc
875 815 1005 865 aliter,
1043 824 1086 856 vt
1112 816 1284 867 videtur,
1319 817 1368 857 de
1402 830 1515 871 prae-

183 879 279 919 fatae
331 880 552 934 appendicis
603 889 734 921 natura
773 880 827 920 est
864 880 1142 921 iudicandum:
1195 894 1286 922 narn
1330 882 1371 921 in
1414 883 1515 922 duo-

183 945 248 985 bus
280 941 532 986 Cadaueribus
555 976 565 996 ‚
618 945 800 987 fibrarum
839 956 1059 986 carnearum
1096 944 1255 999 planum
1280 977 1290 997 ‚
1343 954 1387 986 vt
1419 959 1515 988 con-2

185 1010 326 1051 tinuata
379 1011 512 1051 isthmi
561 1010 756 1051 substantia
801 1009 1042 1051 dextrorsum
1090 1011 1251 1064 produci
1297 1010 1512 1052 videbatur.

184 1074 268 1114 Hae
300 1074 418 1117 fibrae
449 1076 496 1116 ab
530 1087 612 1117 vno
647 1085 829 1118 extremo
861 1076 908 1117 ad
945 1075 1107 1116 alterum
1144 1075 1376 1130 parallelae,
1410 1076 1516 1118 fasci-

184 1139 312 1179 culum
358 1141 598 1195 inaequalem
619 1172 630 1192 ‚
684 1142 746 1195 qui
791 1141 837 1181 ad
880 1141 982 1182 bafin
1016 1139 1115 1181 Offis
1149 1140 1316 1192 Hyoidis
1359 1140 1516 1194 oblique

183 1203 358 1244 scandens
379 1237 390 1255 ‚
435 1206 488 1246 ibi
522 1205 562 1244 in
597 1206 794 1245 tendinem
831 1205 1026 1246 terminari
1062 1203 1159 1243 visus
1195 1205 1272 1253 est,
1319 1205 1512 1257 produce-

187 1269 290 1310 bant.
357 1268 396 1309 Is
427 1269 639 1321 fasciculus,
692 1268 862 1310 musculo
896 1266 1189 1320 thyrohyoideo
1221 1268 1270 1309 fic
1305 1278 1385 1310 erat
1417 1282 1516 1311 con-

185 1346 323 1384 nexus,
359 1343 402 1374 vt
433 1335 509 1379 eius
544 1346 626 1387 pars
656 1335 862 1373 videretur.
931 1331 978 1372 In
1008 1333 1172 1385 quadam
1202 1332 1388 1383 muliere,
1424 1335 1513 1376 vni-

184 1411 250 1448 αι,
284 1398 425 1449 tenuis,
461 1408 501 1438 et
519 1409 654 1438 carnea
682 1396 801 1451 fibra,
836 1396 1060 1451 nullumque
1090 1396 1190 1437 aliud
1218 1396 1420 1449 vestigium
1441 1411 1513 1454 ap-

183 1463 350 1518 pendicis
383 1462 600 1520 apparebat.

294 1591 383 1650 Ohs
406 1610 452 1648 4.
518 1593 591 1637 Cui
626 1590 703 1637 vsiii
739 1595 902 1650 praefata
930 1594 1141 1650 Appendix
1177 1597 1221 1640 fit
1256 1592 1507 1652 comparata?

186 1658 266 1701 Cur
291 1659 561 1711 sinistrorsum,
600 1662 646 1702 ad
676 1662 767 1702 latus
794 1660 952 1702 musculi
982 1660 1281 1715 thyrohyoidei‚
1320 1662 1427 1716 super
1447 1662 1512 1702 fis-

184 1725 305 1765 suram
339 1725 548 1777 Thyroidis
595 1726 818 1777 ascendens,
873 1727 913 1766 in
944 1726 1104 1766 caudam
1148 1726 1367 1767 tendineam
1411 1726 1511 1768 defi-

186 1791 262 1839 nit,
299 1804 392 1843 quae
425 1791 464 1831 in
498 1791 599 1832 basin
631 1804 844 1833 concauam
873 1790 971 1832 Oss'is
998 1790 1164 1842 Hyoidis
1201 1791 1422 1845 implantari
1448 1792 1509 1832 vi-

183 1854 218 1895 sa
252 1852 336 1895 est?
389 1867 436 1895 ea
469 1856 516 1896 de
547 1869 589 1897 re
621 1856 742 1897 forsan
774 1857 913 1910 aliquid
946 1856 1176 1896 conjiciendi
1217 1855 1369 1897 facultas
1404 1857 1476 1897 erit
1495 1888 1506 1909 ,

186 1920 213 1960 si
255 1933 440 1960 cornuum
485 1920 584 1961 Offis
624 1920 790 1972 Hyoidis
841 1923 881 1961 in
924 1922 1050 1975 prima
1093 1920 1368 1962 obseruatione
1419 1934 1508 1962 me-

184 1995 334 2025 morata
367 1985 540 2025 conditio
559 2017 569 2035 ,
620 1986 895 2040 specialioribus
927 1986 1259 2027 Obseruationibus
1292 1985 1505 2028 confirma-

186 2059 221 2089 ta
265 2049 383 2090 effer:
439 2050 583 2106 Quibus
603 2082 613 2101 ‚
665 2051 692 2091 fi
713 2081 724 2100 ‚
778 2060 822 2092 vt
852 2051 943 2091 alias
974 2052 1028 2092 est
1060 2052 1238 2093 traditum
1257 2083 1267 2100 ‚
1321 2052 1418 2091 inter
1451 2051 1507 2092 Os

183 2113 335 2166 hyoidis
356 2147 366 2166 ,
418 2125 457 2155 et
495 2114 718 2169 glandulam
760 2115 1007 2168 thyroideam
1048 2129 1194 2169 nexuS,
1249 2118 1352 2170 isque
1384 2117 1423 2156 in
1458 2115 1506 2156 fi-

798 2181 869 2222 Ff
893 2193 917 2219 2
1389 2179 1500 2219 nistra
