2014 2761
203 179 272 226 ΙΝ
307 183 511 228 MEfflo
541 182 917 246 QVOCVNQVE
949 180 1326 226 RESISTENTE.
1359 197 1447 236 14³-

134 302 345 345 sollicitans
365 317 505 360 corpus
524 306 564 346 in
586 306 650 361 M3
675 303 771 347 haec
792 302 935 345 resolui
953 300 1050 345 solet
1069 305 1110 345 in
1129 306 1222 345 duas
1240 303 1335 346 alias
1349 303 1453 359 MK,

132 368 169 409 K
187 368 203 409 Ι
221 401 230 415 ,
263 383 427 423 quarum
459 371 563 411 illius
592 371 761 412 direc'tio
793 368 886 410 MK
918 370 1112 411 normalis
1139 370 1193 411 est
1219 371 1259 410 in
1289 383 1454 411 curuam

134 443 173 474 et
195 444 404 488 propterea
425 436 485 475 vis
505 434 600 476 haec
623 434 816 476 normalis
836 434 1082 488 appellatur,
1118 434 1276 475 alterius
1303 435 1370 476 KI
1390 435 1456 476 di-

135 499 264 540 restio
285 500 339 539 cst
359 500 570 540 secundum
602 513 740 540 curuae
770 509 1001 552 tangentem
1031 508 1071 539 et
1091 500 1341 552 tangentialis
1374 513 1456 541 vo-

133 575 258 604 catur.
327 564 579 618 Perspicuum
601 564 719 617 igitur
738 563 790 603 est
809 561 949 603 harum
971 563 1118 602 virium
1140 564 1368 605 normalem
1390 564 1456 604 so-

133 629 215 670 lam
245 640 387 681 corpus
424 628 471 668 ad
503 640 663 668 curu-am
701 627 942 681 apprimere.
1010 623 1233 666 Secundum
1282 630 1453 669 eandem

132 692 397 733 directionem
420 692 511 734 MK
535 704 738 747 praeterea
759 704 876 733 curua
899 688 1044 730 ΑΜΒ
1065 690 1105 730 in
1136 689 1183 731 M
1208 692 1402 744 premitur
1429 706 1451 733 a

133 759 175 798 vi
197 753 434 811 centrifugts,
470 770 566 811 quae
594 757 630 797 se
650 756 769 798 habet
797 757 846 796 ad
867 756 953 796 vim
975 755 1194 808 grauitatis,
1217 765 1260 796 vt
1281 756 1452 798 altitudo

133 822 378 864 celeritatem
398 835 588 877 generana
605 835 632 864 v
651 823 700 864 ad
719 821 933 864 dimidium
953 820 1049 861 radii
1070 819 1191 861 osculi
1212 819 1259 861 M
1274 819 1331 861 Ο,

251 922 285 971 ξ.
315 924 382 961 18.
421 919 465 962 Si
486 934 581 976 ergo
602 934 718 962 curua
739 918 882 962 AMB
903 920 978 961 flue
999 921 1040 961 in
1061 932 1189 961 vacuo
1214 921 1286 961 siue
1305 921 1344 960 in
1357 933 1450 962 me-

131 985 201 1026 dio
222 986 414 1027 resistente
436 999 668 1041 quocunque
690 987 741 1026 ita
764 985 880 1027 fuerit
900 996 1129 1040 comparata
1147 1017 1157 1037 ‚
1192 995 1237 1026 vt
1265 986 1450 1039 corporis

129 1048 242 1103 super
260 1063 304 1092 ea
325 1051 591 1092 descendentis
618 1053 759 1092 ambae
780 1051 910 1103 vires,
944 1052 1081 1106 quibus
1110 1064 1225 1091 curua
1254 1051 1450 1105 premitur

130 1113 275 1154 scilicet
303 1116 495 1157 normalis
534 1127 574 1157 et
601 1115 843 1169 centrifuga,
878 1117 981 1156 inter
1002 1115 1038 1156 se
1075 1114 1220 1156 fuerint
1239 1115 1418 1169 aequales
1435 1146 1448 1168 ‚

130 1191 244 1220 curua
265 1179 417 1234 semper
437 1182 511 1221 erit
531 1181 874 1222 brachistochrona
891 1213 903 1232 ,
939 1179 1002 1221 seu
1023 1194 1163 1235 corpus
1184 1179 1291 1234 super
1311 1193 1355 1220 ea
1366 1180 1450 1220 mi-

130 1244 220 1283 nori
260 1253 444 1297 tempore
464 1257 516 1284 ex
535 1247 574 1285 A
594 1247 643 1285 ad
666 1246 712 1286 M
733 1245 954 1295 descendit,
992 1258 1110 1297 quam
1133 1245 1244 1297 super
1263 1244 1338 1284 alia
1350 1257 1449 1297 qua-

131 1320 280 1361 cunque
327 1309 429 1348 line-a
469 1321 538 1361 per
576 1308 615 1348 A
654 1318 693 1348 et
740 1307 788 1349 M
836 1316 1075 1347 transeunte.
1164 1307 1271 1347 Haec
1324 1308 1446 1361 igitur

131 1372 342 1424 aequalitas
392 1373 495 1410 inter
548 1373 633 1410 vim
679 1372 904 1411 normalem
960 1381 1000 1410 et
1045 1372 1131 1410 vim
1185 1372 1445 1425 centrifugam

130 1447 222 1475 vera
254 1444 293 1474 et
321 1434 547 1474 vniuersalis
577 1434 634 1474 est
663 1434 731 1474 lex
757 1435 943 1474 omnium
972 1446 1179 1474 cumarum
1212 1435 1447 1486 brachysto-

129 1499 371 1539 chi-onarum
389 1531 400 1550 ‚
434 1500 592 1552 eiusque
621 1497 821 1539 beneficio
851 1498 890 1537 in
919 1510 1141 1552 quacunque
1172 1508 1212 1539 et
1241 1500 1445 1552 potentiae

126 1561 374 1604 fisllicitantis
394 1574 433 1604 et
453 1563 684 1604 resistentiae
712 1561 925 1617 hypothesi
953 1563 993 1603 in
1014 1572 1179 1619 promtu
1206 1564 1283 1604 erit
1309 1577 1447 1606 curuas

129 1627 506 1681 brachystochronas
534 1629 814 1670 determinare.

246 1728 278 1777 §.
322 1740 393 1777 19.
432 1728 533 1784 Quia
570 1726 609 1766 in
643 1738 767 1768 vacuo
800 1723 1010 1766 secundum
1054 1724 1270 1770 Theorema
1311 1730 1445 1783 Hage-

131 1793 279 1831 m'mncm
312 1792 489 1832 celeritas
523 1791 833 1846 proportionalis
865 1788 942 1830 esse
984 1791 1101 1832 debet
1143 1792 1238 1833 sinui
1281 1794 1443 1848 anguli,

128 1868 246 1908 quem
285 1869 402 1896 curua
436 1870 528 1897 cum
548 1856 766 1897 directione
788 1856 987 1910 potentiae
1007 1856 1231 1909 constituit,
1266 1859 1344 1899 i.e.
1370 1858 1440 1913 ipfi

365 1917 419 1941 MK

130 1915 212 1983 ἒξ,
235 1929 310 1969 erit
328 1954 395 1982 Μμ,
424 1913 476 1983 ²5
498 1930 800 1983 proportionale
835 1930 905 1984 ipsi
943 1929 1036 1970 MK
1075 1928 1137 1969 seu
1157 1917 1213 1983 ‘JK—¹}
1248 1929 1318 1983 ipfi
1351 1929 1437 1971 Ml.

128 1993 241 2035 ΜΟ.
312 1993 467 2034 Omnes
504 1995 622 2047 igitur
664 1993 1045 2046 brachystochronae
1086 1994 1126 2033 in
1170 2006 1296 2034 vacuo
1339 1994 1442 2037 hanc

126 2058 276 2099 habent
308 2059 617 2112 proprietatem,
653 2067 697 2099 vt
717 2058 816 2098 finus
834 2059 991 2113 anguli,
1029 2071 1146 2113 quem
1168 2058 1335 2099 direc‘tio
1364 2073 1443 2115 po-

126 2125 273 2165 tentiae
309 2137 400 2165 cum
434 2137 551 2165 curua
587 2122 702 2176 facit,
736 2124 879 2179 vbique
911 2125 955 2167 fit
984 2123 1297 2180 proportionalis
1326 2127 1440 2166 radio

1319 2190 1442 2232 osculi
