2014 2761
335 167 780 223 COGITATIONES
813 168 1308 222 PHYSIOLOGICAE.
1390 177 1480 227 287

163 301 225 345 tio
246 333 256 353 ,
305 299 333 342 fi
367 299 486 354 posita
517 297 583 339 illa
614 297 883 339 conuenientia
904 328 915 348 ,
959 294 1173 350 sanguinem
1209 296 1391 350 grauitate
1424 295 1484 337 sua

166 366 397 424 promoueri
438 375 551 418 atque
595 365 757 404 adiuuari
801 363 853 403 ita
893 362 992 402 nude
1028 373 1066 402 et
1098 362 1319 416 simpliciter
1362 374 1483 416 pona-

166 444 267 475 mus.
344 429 402 471 Ita
434 429 529 470 alter
559 428 703 470 bonam
736 428 900 469 cauffiim
933 426 1036 468 male
1068 427 1265 478 defendit,
1318 426 1411 468 alter
1442 427 1483 467 in

168 496 322 539 abusum
356 495 484 535 vertit.

284 588 321 636 §-
361 605 430 632 11.
501 590 738 648 Quaeramus
770 588 935 631 veritatis
969 590 1138 639 limites,
1193 598 1231 631 et
1263 591 1480 643 videamus,

164 667 344 715 quatenus
373 655 640 711 experimenta
669 656 754 697 artis
784 669 873 696 cum
903 655 1182 710 pliaenomenis
1208 666 1359 696 naturae
1386 668 1484 696 con-

165 725 330 766 ueniant.
407 722 516 779 Quae
549 722 682 761 omnia
715 731 757 761 vt
788 721 949 761 dilucide
982 721 1252 775 distinguantur
1284 731 1323 761 et
1356 721 1483 774 expli-

164 799 318 839 centur,
351 786 622 827 attendendum
657 786 729 826 erit
761 785 999 839 potiffimum
1028 786 1074 826 ad
1103 787 1287 827 diuersam
1322 785 1481 840 positio-

164 868 257 896 nem
290 853 488 900 vasorum,
521 863 616 904 quae
651 850 689 890 in
722 863 866 903 genere
897 850 1039 905 duplex
1066 851 1142 904 est3
1182 852 1256 893 siue
1281 852 1385 891 enim
1414 850 1479 891 illa

163 920 216 961 ita
251 920 352 958 inter
386 915 420 955 se
453 927 626 955 connexa
658 913 760 966 suut,
795 925 843 957 vt
876 915 1141 969 repraesentari
1174 916 1310 956 animo
1342 915 1481 968 possint

161 995 232 1026 ceu
267 981 346 1023 tubi
376 979 664 1030 descendentes,
702 993 868 1035 quorum
901 993 1008 1021 crura
1041 980 1135 1021 tubo
1170 980 1481 1022 communicanti

161 1047 352 1100 insistunt,
397 1047 457 1087 seu
491 1058 563 1088 ceu
596 1046 675 1087 tubi
708 1045 943 1087 ascendentes
963 1078 974 1096 ,
1021 1046 1084 1100 qui
1117 1046 1184 1086 suis
1214 1046 1285 1100 ipfi
1317 1044 1481 1086 cruribus

162 1113 344 1155 insistunt.
411 1109 515 1152 Cum
544 1111 601 1153 his
626 1112 863 1167 aequiparare
890 1111 1009 1152 solent
1036 1112 1186 1152 arterias
1211 1121 1250 1151 et
1277 1123 1394 1151 venas
1422 1111 1480 1150 su.

164 1178 316 1233 periora
348 1185 552 1230 petentes3
604 1189 694 1217 cum
727 1178 802 1217 illis
834 1178 1010 1217 arteriam
1047 1190 1230 1230 magnam
1264 1185 1303 1215 et
1336 1186 1478 1215 venam

164 1255 301 1285 cauam
330 1254 418 1282 cum
450 1241 604 1282 annexis
632 1241 698 1281 suis
725 1242 764 1282 in
789 1242 952 1296 partibus
979 1240 1227 1280 inferioribus.
1297 1238 1476 1290 Deinde,

163 1308 261 1350 aliae
305 1315 416 1348 erunt
457 1306 711 1360 apparitiones
730 1337 741 1357 ,
794 1307 821 1349 si
853 1305 1027 1360 siphones
1063 1316 1203 1346 vacuos
1248 1304 1476 1359 statuam1153

163 1373 279 1424 aliae,
314 1372 342 1414 fi
377 1371 678 1420 consideremus,
710 1370 796 1412 illos
827 1371 906 1411 iam
939 1369 1011 1411 effe
1044 1368 1224 1425 impletos.

283 1472 314 1523 ξ.
350 1482 420 1511 12.
488 1467 573 1511 Sint
597 1470 710 1524 igitur
735 1469 816 1510 duo
846 1469 924 1510 tubi
954 1469 991 1510 A
1017 1478 1056 1508 et
1081 1466 1138 1520 B,
1173 1480 1336 1523 quorum
1363 1479 1476 1509 com--

166 1536 361 1580 munic-ans
393 1533 427 1576 C
455 1536 509 1577 est
536 1536 735 1590 capillatis.
804 1535 995 1575 Ponamus
1027 1534 1135 1574 tubos
1171 1546 1322 1574 vacuos.
1390 1532 1478 1574 Im-

164 1602 310 1658 pleatur
329 1602 454 1651 tubus,
475 1601 514 1642 A
530 1632 540 1651 ,
571 1614 664 1655 aqua
686 1613 800 1655 pura,
834 1614 912 1654 quo
940 1600 1045 1641 facto
1074 1600 1236 1639 remotis
1260 1598 1478 1650 obstaculis,

163 1668 331 1717 videbis,
365 1680 500 1721 aquam
528 1679 598 1720 per
622 1667 755 1708 tubum
785 1665 1008 1719 capillarem
1027 1662 1061 1704 C
1082 1665 1236 1704 transire
1254 1663 1477 1715 celerrime,

165 1732 204 1773 in
225 1732 317 1772 tubo
337 1729 371 1770 B
390 1730 607 1783 ascendere,
640 1741 679 1772 et
698 1732 737 1771 iu
757 1731 795 1771 A
815 1730 1033 1771 descendere
1053 1741 1212 1783 eousque
1232 1738 1270 1769 et
1288 1737 1370 1769 tam
1389 1728 1476 1779 diu,

163 1798 286 1839 donec
304 1795 463 1836 altitudo
480 1809 595 1851 aquae
613 1798 784 1850 vtrinque
802 1795 963 1849 aequalis
980 1794 1108 1849 fuerit·⁷
1130 1803 1212 1835 tum
1227 1806 1320 1834 vero
1339 1806 1476 1844 aquam

165 1861 362 1917 quiescere.
430 1861 660 1902 Affundatur
684 1874 778 1916 aqua
805 1862 932 1902 denuo
951 1861 990 1900 in
1009 1860 1143 1901 tubum
1171 1859 1394 1901 alterutrum
1413 1860 1473 1899 A:

164 1926 353 1970 Similiter
379 1925 559 1966 columna
584 1926 736 1966 breuior
763 1935 844 1966 tam
871 1927 933 1967 diu
963 1926 1176 1980 augebitur,
1210 1925 1333 1965 donec
1360 1923 1476 1965 maffa

163 1993 306 2034 iterum
335 1989 382 2032 ad
409 1991 671 2045 aequilibrium
693 2000 728 2030 et
749 1991 914 2044 quietem
944 1991 1054 2031 filerit
1079 1990 1244 2031 redasta.
1313 1987 1354 2030 Si
1383 2000 1476 2029 vero

166 2058 274 2099 tubus
294 2055 328 2096 B
343 2057 491 2097 breuior
509 2057 600 2106 erit,
626 2067 741 2109 quam
762 2056 822 2104 A,
850 2068 901 2097 ex
919 2056 988 2096 illo
1008 2066 1087 2097 tam
1108 2056 1172 2096 diu
1192 2055 1325 2106 effluet,
1354 2053 1475 2093 donec

165 2123 269 2164 idem
302 2121 458 2163 effeetus
490 2122 711 2162 obtineatur.
781 2121 873 2176 Quo
905 2121 1069 2162 subtilior
1101 2121 1153 2161 est
1186 2121 1291 2161 tubus
1322 2117 1477 2172 capilla-

170 2188 244 2235 ris,
280 2199 329 2226 eo
357 2187 439 2240 plus
465 2187 652 2244 temporis
687 2184 882 2228 insumitur
906 2187 1057 2230 transitu
1086 2199 1203 2240 aquae
1234 2184 1365 2231 totali,
1400 2191 1476 2220 non

201 2247 306 2294 Tom.
319 2248 363 2294 V
363 2252 430 2296 H.
826 2250 857 2292 P
875 2263 903 2308 p
1326 2244 1478 2286 obstan·

1503 1485 1605 1523 Figura
1633 1493 1658 1514 12
