2014 2761
487 217 953 269 ANATOMICO-PR
962 218 1241 269 ACTICAE.
1420 237 1474 278 23
1484 237 1508 277 3

195 350 319 405 cipit,
357 346 579 403 posteaque,
611 358 731 386 venae
763 356 959 398 portarum
995 347 1132 398 titulo,
1176 346 1237 387 sub
1273 345 1383 387 initio
1418 349 1519 388 duo-

202 416 313 462 deni,
360 423 469 468 atque
502 412 579 453 fine
611 412 832 463 ventriculi,
879 414 925 451 ad
960 413 1059 452 iecur
1093 413 1233 453 transit.
1323 411 1517 454 Duodeno

201 479 381 519 intestino
414 477 640 518 incumbunt
672 489 817 529 porro,
862 487 964 516 iuxta
1001 478 1185 518 sinistrum
1221 478 1313 518 latus
1345 479 1517 533 descripti

203 544 361 585 caudicis
381 573 392 593 ,
437 542 535 581 rami
569 541 761 593 superioris
792 542 949 579 arteriae
983 542 1237 594 mete-micae,
1289 543 1415 595 quales
1447 545 1520 585 ali-

201 609 352 664 quando
385 614 542 659 quatuor
573 604 769 644 numeraui
799 604 896 654 (b).
968 604 1195 646 Intestinum
1231 619 1250 646 a
1285 608 1387 659 spina
1420 609 1519 651 dorsi

199 673 328 728 postea
363 671 574 711 demittitur
599 670 637 709 in
662 682 799 710 cauum
826 669 1012 711 sinistrum
1040 671 1279 720 abdominis,
1310 685 1382 726 ,per
1409 684 1522 714 eam-

199 738 291 778 dem
325 736 469 790 spinam
503 734 620 775 diuisi.
688 733 736 774 In
766 747 846 789 ‘quo
882 735 1125 785 adscendens,
1162 736 1386 777 mesocolon
1420 751 1519 781 mox

198 802 349 851 transit,
393 812 608 855 nomenque
638 807 778 840 mutat.
873 798 1034 841 Initium
1067 801 1232 843 duodeni
1264 802 1340 843 fere
1373 803 1522 859 semper

198 866 431 922 deprehendi
468 879 489 906 a
525 865 666 906 vesicae
699 864 776 904 bile
808 865 966 906 flauum.

391 929 595 973 Diuersum
644 929 808 970 intestini
858 931 1022 971 duodeni
1071 931 1182 972 situm
1229 930 1370 974 offendi
1415 931 1518 974 alias.

201 996 387 1038 Vomitus
407 1028 419 1047 ,
462 996 537 1036 fere
570 996 768 1036 continuus
789 1025 799 1039 ‚
844 996 945 1036 nulla
979 1005 1056 1036 arte
1087 997 1263 1038 sedandus
1285 1030 1295 1049 ,
1340 998 1523 1040 enecabat

201 1062 439 1113 hominem,
480 1061 656 1116 phthifici
688 1059 849 1115 speciem
886 1063 1019 1102 exuere
1055 1064 1115 1115 qui
1152 1063 1349 1105 referebat.
1433 1063 1525 1105 Hu-

200 1129 254 1168 ius
281 1128 320 1167 in
347 1127 551 1179 cadauere,
587 1127 815 1168 ventriculus
842 1126 1081 1180 ‘speetabatur
1113 1129 1322 1182 oblongus,
1358 1129 1420 1173 sed
1451 1144 1523 1173 co-

202 1192 365 1233 metatus
385 1223 396 1243 ,
438 1192 560 1232 solum
595 1192 779 1233 sinistrum
815 1191 1185 1246 hypochondrium,
1229 1194 1296 1234 situ
1330 1193 1522 1245 normali,

204 1269 420 1311 occupans:
479 1267 594 1309 prout
634 1257 856 1309 quandoque
902 1256 1112 1296 obseruatus
1146 1258 1199 1297 est
1230 1259 1268 1296 in
1303 1258 1518 1298 voracibus.

205 1322 269 1362 Ex
300 1321 377 1363 hoc
410 1330 565 1362 enatum
607 1320 827 1360 duodenum
871 1320 1110 1361 adscendebat
1151 1322 1292 1376 pyloro
1333 1322 1520 1377 superius,

203 1396 291 1426 tunc
328 1387 558 1438 aliquantum
601 1385 860 1437 procedebat,
914 1385 1016 1425 reeta
1051 1387 1141 1434 via,
1195 1388 1312 1439 epatis
1343 1388 1521 1429 dextram

202 1451 342 1491 versus:
379 1450 462 1489 dein
498 1449 619 1502 magis
653 1447 897 1498 adscendens,
930 1448 1214 1504 infleftebatur3
1251 1451 1520 1505 descendebat3

203 1516 404 1570 posteaque
437 1515 513 1563 via,
548 1514 689 1554 rursum
725 1513 849 1563 reeta,
886 1513 1124 1567 pertingebat
1151 1515 1198 1555 ad
1229 1514 1431 1556 vesiculam
1464 1516 1523 1557 bi-

201 1581 274 1635 lis3
319 1580 569 1633 tandemque,
603 1580 776 1619 consueta
812 1588 1006 1619 cui-natura
1043 1579 1229 1630 absoluta,
1264 1581 1415 1623 solitum
1450 1582 1523 1622 iter

204 1644 499 1700 prosequebatur.
565 1644 676 1701 Quae
711 1645 816 1698 plura
853 1643 1163 1693 obseruabantur‚
1204 1646 1379 1699 addam,
1432 1647 1521 1688 licet

205 1711 252 1750 ad
288 1720 556 1763 argumentum
592 1711 639 1750 de
672 1709 851 1750 duodeno
887 1721 963 1747 non
999 1710 1224 1761 pertineant.
1293 1710 1338 1750 In
1376 1713 1521 1751 ventri-

205 1775 293 1814 caio
327 1773 469 1814 offendi
501 1773 685 1815 sciffuram
708 1806 718 1823 ,
773 1786 888 1827 quam
923 1773 1042 1813 cultro
1075 1774 1213 1814 saetam
1249 1775 1321 1814 effe
1342 1806 1353 1824 ,
1405 1775 1521 1817 sacra-

207 1849 343 1880 mento
381 1839 607 1892 pernegabat
641 1839 856 1892 proseftor,
896 1849 1091 1893 expertus,
1126 1850 1236 1893 atque
1269 1839 1345 1879 fide
1376 1840 1519 1894 dignus.

205 1904 251 1944 In
286 1904 479 1944 abdomen
511 1903 632 1943 saltim
666 1903 762 1943 nihil
795 1904 995 1944 effluxerat
1020 1917 1068 1943 ex
1100 1905 1323 1944 ventriculo.
1396 1904 1440 1945 Id
1467 1906 1522 1947 est

207 1968 454 2009 certiffimum
478 1999 488 2018 ,
543 1968 796 2008 ventriculum
841 1967 941 2008 hunc
985 1969 1176 2010 manifeste
1210 1968 1312 2009 fuiffe
1345 1971 1522 2022 erosum‚

207 2047 249 2075 ac
284 2034 486 2088 praecipue
520 2033 558 2072 in
591 2043 723 2086 parte,
744 2032 930 2086 *opposita
963 2035 1089 2075 fundo.
1158 2034 1362 2075 Erosiones
1393 2046 1521 2077 autem

210 2099 281 2139 hae
309 2112 385 2139 non
413 2107 545 2148 erant,
585 2098 650 2137 nisi
679 2096 956 2137 retroceffiones
992 2099 1329 2150 membranarum,
1363 2101 1523 2142 intimae

211 2172 316 2217 atque
350 2175 519 2203 nerueae.
608 2163 715 2205 Rem
751 2172 928 2216 expertus
959 2163 1037 2204 sum
1075 2165 1281 2218 liquidam,
1318 2178 1392 2220 ope
1427 2167 1520 2206 scul-

833 2225 871 2267 H
892 2226 918 2267 h
956 2241 979 2266 2
1416 2230 1525 2284 pelli.

365 2310 423 2363 (b)
447 2311 478 2345 V
479 2316 548 2357 esal.
576 2313 598 2349 l.
624 2325 650 2348 c.
678 2314 742 2350 litt.
761 2317 798 2356 ξ,
826 2316 858 2351 in
883 2295 1073 2349 delineatione
1098 2296 1213 2348 bertae.
