2014 2761
178 173 468 224 VASORVM
495 169 995 220 SANGVINEORVM
1021 170 1093 218 IN
1122 168 1364 220 DU'ERS.
1402 187 1488 230 213

177 311 340 355 pagem,
376 306 413 336 et
444 294 653 346 fabricam,
689 308 784 350 opus
816 293 984 349 regulare
1017 293 1203 345 efficitur,
1245 307 1295 336 ex
1326 308 1403 350 quo
1435 295 1498 336 in-

177 376 335 405 numera
368 362 523 416 spatiola
556 362 614 402 seu
649 361 802 410 foueae,
835 371 879 400 vt
912 359 1076 410 alueoii,
1113 360 1375 403 efformantur.
1426 360 1494 402 Id·-

177 430 303 480 circo,
346 438 548 481 Vtrumque
581 427 634 467 est
667 426 922 467 admiratione
953 425 1111 479 dignum
1133 457 1143 476 ,
1187 427 1387 478 videlicet,
1430 428 1493 468 in-

175 502 414 535 crementum
447 493 679 532 subitaneum
712 491 773 530 seu
807 490 1022 543 amplitudo
1054 489 1233 532 vasorum
1265 504 1316 532 eo
1347 494 1385 532 in
1420 500 1498 533 tra-

175 560 239 601 &cu
273 556 499 607 ventriculi,
539 566 659 609 porro
691 556 905 594 eorundem
938 552 1075 595 fabrica
1110 556 1361 596 cancellatum
1396 568 1492 612 opus

173 624 356 673 referens,
411 620 595 675 proxime
628 620 815 675 attingens
846 618 1026 660 intimam
1059 619 1119 660 [eu
1153 620 1394 673 postremam
1428 631 1493 662 tu·-

175 689 301 729 nicam
349 699 488 727 cauum
521 686 722 729 ventriculi
757 684 1030 728 efformantem
1050 716 1064 736 ,
1116 685 1165 725 de
1199 699 1272 741 qua
1304 685 1384 727 iam
1417 697 1493 741 po·-

173 753 319 795 stremo
351 752 543 807 agendum
574 751 643 793 est.

293 884 324 932 ξ.
364 897 407 933 9.
475 881 530 922 Vt
570 880 750 922 hac‘tenus
792 888 1032 923 memoratae
1072 880 1219 923 tunicae
1258 879 1490 934 ventriculi,

170 945 267 988 nihil
299 947 399 988 aliud
432 947 506 987 fere
543 947 622 987 sunt
655 960 769 1001 quam
808 948 1002 1000 congeries
1036 947 1271 988 vasculorum
1312 959 1402 988 cum
1432 948 1494 988 in·-

171 1012 362 1053 ter-mixtis
390 1013 532 1066 partim
563 1012 703 1052 cellulis
730 1012 912 1067 adspofis,
947 1013 1089 1066 partim
1120 1012 1224 1053 fibris
1249 1024 1389 1054 carneo
1408 1021 1494 1052 ten-

170 1078 316 1131 dineis·⁷
352 1077 401 1118 fic
429 1077 655 1118 interiorem
684 1078 800 1131 vulgo
829 1090 1008 1119 nemeam
1040 1078 1232 1128 tunicam,
1267 1078 1328 1119 W
1326 1078 1415 1126 fill
1374 1078 1436 1134 so
1456 1086 1496 1118 et

173 1139 387 1193 Rhuyschio
407 1143 581 1196 primum
601 1144 844 1196 obser-utute,
875 1153 953 1184 tam
974 1144 1011 1183 in
1033 1141 1082 1185 C.
1095 1143 1144 1183 H.
1161 1174 1172 1192 ‚
1201 1155 1314 1196 quam
1335 1144 1373 1181 in
1393 1149 1495 1182 ntm-

171 1206 281 1247 nullis
312 1207 632 1260 quadrupedibus,
679 1220 795 1261 reque
828 1207 961 1259 insigni
992 1209 1105 1261 copia
1136 1207 1311 1247 vasorum
1344 1205 1493 1247 Natura

170 1272 372 1312 instruxit:
425 1272 612 1328 Quicquid
654 1273 759 1311 enim
804 1284 1007 1311 neruorum
1041 1271 1098 1311 his
1134 1271 1381 1311 intertextum
1416 1269 1491 1322 est,

173 1336 275 1378 haud
316 1336 494 1390 profesto
527 1336 686 1376 nomine
719 1335 897 1377 Nerueae
935 1338 1080 1376 tunicae
1114 1336 1167 1375 est
1199 1335 1356 1388 dignum
1381 1366 1392 1386 ,
1445 1334 1494 1376 de

170 1402 301 1455 quibus
332 1402 415 1442 vid.
454 1398 662 1441 Comment.
701 1398 827 1441 Acaa‘.
866 1399 1011 1452 Imper.
1047 1395 1160 1440 Tom.
1181 1396 1266 1441 IV.
1341 1397 1496 1440 Condi>-

171 1467 227 1506 tio
259 1465 322 1507 vel
354 1465 517 1520 aspectus
553 1464 730 1505 vasorum
774 1464 880 1518 {uper
923 1463 1065 1505 hancce
1098 1464 1266 1504 tunicam
1300 1462 1348 1505 fic
1382 1463 1494 1505 obla-

171 1541 228 1572 tus
263 1531 328 1572 est.
400 1531 455 1572 Vt
491 1531 529 1571 in
565 1531 812 1585 praecedente
845 1538 1056 1581 contextu,
1091 1530 1175 1570 vasa
1208 1529 1345 1570 rariora
1380 1542 1495 1582 gran-

172 1597 370 1651 dioraque‚
407 1605 444 1636 et
463 1596 763 1637 ramusculorum
789 1595 1025 1649 capillarium
1055 1595 1100 1635 ad
1128 1592 1270 1635 sensum
1300 1595 1493 1648 expertia,

173 1674 225 1703 ex
256 1662 408 1702 aduerso
439 1661 544 1715 super
576 1661 693 1713 hanc,
729 1661 874 1702 mirum
903 1660 941 1699 in
970 1661 1134 1700 modum
1163 1660 1241 1700 sunt
1266 1667 1492 1709 extenuata,

175 1726 425 1780 multiplicata
457 1735 495 1766 et
527 1726 661 1777 diuisa,
700 1739 743 1767 ac
777 1734 879 1766 tanta
911 1724 1062 1765 solertia
1096 1734 1235 1765 mutuo
1268 1724 1491 1777 implicata,

174 1802 219 1832 vt
252 1790 313 1831 vel
345 1801 431 1830 toto
463 1788 638 1846 Corpore
670 1791 878 1841 Humano,
923 1790 1043 1830 ullum
1079 1789 1279 1842 opificium
1312 1788 1492 1831 had-eane

175 1856 320 1896 exstare
361 1855 532 1907 dubites,
586 1857 688 1911 quod
723 1856 858 1898 Diuini
892 1855 1064 1897 Artificis
1108 1854 1327 1911 sapientiam
1371 1854 1496 1907 magis

167 1920 419 1963 demonstret.

238 2241 350 2287 Tem.
376 2243 485 2290 VH.
838 2245 867 2285 F
886 2244 911 2285 f
1282 2241 1400 2284 CON
1406 2238 1489 2280 TI-
