2014 2761
507 200 602 243 324
673 179 764 229 DE
797 174 1254 227 CIRCVLATIONE
1286 175 1647 227 SANGVINI&

504 307 609 348 euim
643 306 886 359 portionem,
923 311 1102 358 quantam
1136 310 1351 356 receperat,
1386 302 1569 358 capacitas
1596 302 1706 357 ipsius
1730 315 1819 346 am-

506 372 623 426 pliata
658 372 705 411 ad
739 371 914 425 pristinos
948 368 1132 410 terminos
1163 367 1356 407 deducitur
1376 398 1387 418 ,
1440 377 1482 408 vt
1517 367 1572 408 nil
1603 368 1670 410 nisi
1704 370 1818 412 maffa

504 436 657 492 pristina
689 435 814 489 spatio
849 434 1008 489 pristino
1040 433 1285 473 contineatur.
1351 432 1497 489 Quodsi
1525 433 1637 487 igitur
1660 433 1722 474 {ub
1747 422 1819 474 noss

503 502 610 542 mine
644 500 736 542 vasis
770 500 997 542 intellexeris
1041 498 1205 539 tractum
1249 506 1376 538 totum
1413 499 1640 538 arteriarum
1676 498 1823 553 pulsan-

504 566 627 617 tium,
662 574 701 605 et
727 565 789 606 sub
819 566 979 607 nomine
1009 563 1113 604 fluidi
1148 562 1359 617 sanguinem
1393 563 1614 604 arteriosum
1644 565 1683 604 in
1710 564 1822 605 omni

505 631 575 673 illo
609 630 730 670 tractu
766 630 924 672 dilatato
956 638 1213 670 contentum:
1261 627 1434 682 poffibile
1466 630 1537 669 erit
1569 628 1822 670 determinare

503 697 589 737 vim
624 695 816 736 elasticam
852 695 1097 743 arteriarum,
1131 702 1171 732 et
1203 692 1436 733 celeritatem
1468 694 1648 746 sanguinis
1682 695 1720 733 in
1753 706 1827 733 ve-

504 773 569 802 nas
600 761 849 814 proficiendi,
882 772 978 815 quae
1012 758 1178 799 omnino
1210 766 1312 797 tanta
1339 757 1411 797 erit
1437 767 1477 798 et
1503 758 1576 798 effe
1608 758 1742 807 debet,
1780 766 1823 798 vt

503 825 729 867 resistentiae
754 826 802 865 ab
829 823 1129 867 extremitatibus
1159 821 1395 875 capillaribus
1423 824 1476 873 (ξ.
1491 827 1520 863 6
1526 826 1599 875 3.)
1628 823 1821 874 obieetae,

503 898 543 932 et
574 890 601 935 fi
633 902 728 946 quae
758 889 852 931 aliae
884 898 1107 940 occurrant,
1139 887 1243 927 vinci
1273 885 1429 941 possint.

1017 994 1088 1052 Se
1096 991 1213 1052 &io
1250 1007 1318 1070 4.

886 1080 956 1123 De
992 1083 1135 1123 afflone
1167 1080 1450 1124 Auru-ulamau.

628 1167 660 1217 ξ.
700 1174 775 1215 70.
847 1164 1047 1205 Auriculas
1082 1165 1120 1204 in
1157 1173 1342 1219 perpetuo
1376 1172 1487 1204 motu
1523 1164 1723 1216 reciproco
1757 1165 1830 1206 effi:

504 1242 597 1273 cum
632 1228 849 1270 ventriculis
879 1230 1026 1280 cordis,
1068 1241 1107 1269 ct
1143 1229 1241 1269 hunc
1278 1238 1432 1269 motum
1467 1229 1504 1268 in
1537 1229 1755 1270 dilatatione
1791 1239 1831 1270 et

505 1295 767 1338 contractione
802 1293 1032 1344 consistere,
1079 1293 1395 1335 obseruationibus
1430 1293 1576 1334 discitur
1609 1296 1829 1336 certillime.

507 1360 595 1403 Illas
632 1360 745 1414 igitur
777 1359 823 1399 nd
855 1361 1047 1413 potentias
1086 1360 1266 1412 sanguinis
1312 1359 1509 1399 circuitum
1554 1370 1829 1412 promouentes

507 1426 695 1481 pertinere
717 1425 762 1473 ;§.
779 1428 866 1474 3.),
903 1435 1021 1463 nemo
1044 1424 1200 1463 dubitat.
1246 1422 1311 1462 De
1339 1423 1541 1475 quantitate
1570 1423 1727 1463 astionis
1756 1423 1829 1464 hu-

509 1491 565 1531 ius
597 1500 741 1536 nemo,
780 1488 826 1527 de
860 1488 984 1527 modo
1016 1496 1143 1527 autem
1178 1487 1310 1540 pauci,
1347 1496 1385 1525 et
1413 1487 1436 1525 ii
1466 1486 1621 1539 quidem
1652 1501 1728 1527 non
1761 1488 1828 1529 nisi

511 1553 738 1609 generaliter
786 1551 1008 1592 structuram
1046 1552 1123 1591 eius
1156 1552 1404 1590 muscularcm
1441 1551 1671 1603 allegando,
1724 1553 1831 1605 quic-

512 1630 628 1673 quam
662 1628 1038 1657 commemorauere.
1105 1615 1253 1656 Omnes
1280 1616 1317 1655 in
1348 1627 1397 1655 eo
1423 1616 1632 1665 versantur,
1666 1626 1704 1656 et
1732 1618 1831 1658 mire

511 1682 548 1724 se
581 1682 809 1731 dilacerant,
844 1691 885 1721 vt
919 1683 1105 1721 rationem
1144 1682 1320 1730 reddant,
1356 1693 1468 1734 quare
1503 1680 1662 1720 auricula
1696 1682 1830 1723 dextra

514 1748 692 1802 capacior
720 1747 762 1787 sit
792 1742 957 1787 sinistra?
990 1758 1104 1799 quam
1134 1746 1283 1799 quisque
1312 1745 1478 1799 proferre
1506 1754 1544 1784 et
1572 1745 1733 1787 stabilire
1758 1759 1831 1788 co-

514 1822 622 1854 natur
660 1812 849 1865 systemati
885 1811 948 1852 suo
984 1810 1261 1851 conuenienter.

643 1905 678 1953 §-
721 1922 800 1960 71.
867 1908 1055 1951 Nostrum
1089 1909 1164 1957 est,
1201 1921 1277 1949 non
1313 1907 1455 1961 fingere
1490 1908 1737 1963 hypotheses,
1771 1910 1830 1951 sed

518 1986 570 2016 ex
602 1975 813 2015 indubitatis
845 1974 1119 2028 phaenomenis
1146 1983 1185 2013 et
1213 1973 1426 2014 veritatibus
1456 1986 1520 2023 ea,
1554 1987 1647 2027 quae
1674 1976 1830 2029 sequun-

520 2049 601 2088 tur,
638 2040 849 2092 explicarc,
883 2052 975 2092 quae
1009 2052 1084 2078 non
1120 2042 1332 2092 lequuntur,
1367 2039 1587 2091 relinquere.
1657 2041 1721 2079 Ad
1749 2039 1828 2078 sco-

522 2117 615 2159 pum
659 2105 769 2156 igitur
811 2105 979 2144 nostrum
1023 2104 1267 2145 obtinendum
1315 2103 1544 2159 postulamus
1583 2104 1740 2144 concedi
1776 2105 1831 2143 [e-

523 2178 690 2226 quentia:

1676 2243 1737 2292 1.)
1759 2242 1829 2283 Pa-
