2014 2761
184 152 269 202 ΕΤ
279 149 606 201 ACTIONEM
625 149 1050 199 MT'SCVLORVM
1070 152 1109 198 F
1110 150 1279 199 RONT.
1291 153 1374 204 &a
1401 166 1486 206 341

305 284 423 327 XVI.
479 284 663 327 Meminit
698 282 925 327 Santorinus
958 285 1105 339 Capi.
1135 288 1167 336 ξ.
1188 299 1257 337 23.
1294 282 1499 338 Triangu-
1522 285 1625 323 Figura
1654 295 1680 323 3-

158 347 306 404 ‘larem
341 362 522 404 labiorum
558 362 760 416 aliqnando
794 362 1026 416 longioribus
1058 361 1160 402 fibris
1181 393 1191 412 ,
1239 373 1332 415 quae
1366 369 1501 401 mento

186 437 445 491 proximiores
477 437 575 485 sunt,
609 435 768 477 vitet-ius
802 436 958 489 prolatis
987 438 1023 477 in
1053 431 1248 489 aduezfizm
1274 435 1366 475 latus
1392 436 1498 486 ferri,

184 521 224 550 et
257 511 432 565 compari
468 511 532 551 suo
564 511 616 550 ita
655 522 872 560 occurrere,
907 520 948 550 vt
975 524 1053 551 vna
1085 510 1267 552 habeatur
1299 511 1499 565 eademque

184 584 363 626 fibrarum
395 586 616 627 continuatio
643 584 690 624 ab
716 596 798 624 vno
826 585 871 624 ad
901 585 1017 626 alium
1048 587 1124 628 oris
1151 586 1353 639 angulum,
1390 584 1498 627 nullo

181 658 382 699 interiecto
415 658 605 701 diuifionis
637 657 755 710 figno.
832 657 1035 712 Apparent
1067 657 1172 699 huius
1208 659 1498 701 combinationis

181 732 337 785 vestigia
364 733 482 774 etiam
510 733 550 772 in
577 731 734 771 Tabulis
761 731 1018 773 Eustachianis,
1036 732 1204 774 XXXI.
1227 743 1265 773 et
1283 732 1494 774 XXXVI.

180 806 271 860 Ego
316 806 423 847 illam
468 816 616 847 tantum
652 817 730 844 non
763 804 911 860 semper
942 806 1173 860 deprehendi
1196 838 1206 856 ,
1249 808 1498 862 quotiescun-

178 892 248 934 que
282 882 378 921 cii-ca
412 880 478 921 has
509 889 628 934 partes
661 878 851 920 studiosius
884 880 1067 934 inqnifiui.
1163 879 1270 922 Iacet
1309 881 1496 922 nimirum

175 953 403 994 immediate
437 952 499 993 sub
531 960 615 992 cute
635 948 850 1009 fafl'iculus
883 949 1102 1008 ngscularis
1130 954 1300 1008 elegans,
1330 955 1491 1010 planus,

172 1039 223 1067 ex
255 1039 336 1068 vno
369 1026 552 1067 maxillae
584 1026 700 1067 latere
733 1026 853 1068 versus
887 1027 1009 1080 aliud,
1043 1029 1225 1083 proxime
1253 1028 1347 1070 infra
1379 1041 1493 1070 men-

174 1110 257 1141 tum
293 1102 331 1141 in
362 1099 488 1141 orbem
523 1099 652 1142 dttc7us
685 1102 767 1152 (lit.
777 1106 866 1155 g.),
903 1102 965 1156 qui
994 1115 1072 1142 non
1100 1102 1223 1144 solum
1251 1103 1492 1157 triangulares

172 1174 272 1215 inter
304 1174 337 1214 (e
369 1176 608 1228 committit,
643 1175 703 1216 sed
732 1187 770 1217 et
797 1175 990 1230 imprimis
1020 1177 1233 1233 digffiricos
1267 1178 1306 1218 in
1341 1176 1398 1218 sua
1432 1177 1493 1217 in-

173 1248 331 1289 sertione
366 1249 461 1301 tegit
491 1257 531 1288 et
557 1249 725 1291 cohibet.
795 1251 901 1290 Tam
934 1250 1166 1293 creberrima
1194 1251 1300 1292 huius
1331 1249 1492 1291 musculi

171 1322 383 1363 obseruatio
403 1354 413 1374 ,
457 1335 572 1377 quam
593 1324 695 1380 sttzcs
727 1324 803 1365 eius
838 1324 886 1364 ab
916 1322 1167 1381 Ezfiachiano
1203 1325 1418 1379 discrepans
1450 1333 1490 1365 et

167 1397 386 1454 proflmdior
422 1409 488 1437 me
520 1398 839 1447 determinarunt,
874 1407 916 1437 vt
943 1398 1054 1439 illum
1084 1399 1261 1442 delineari
1291 1411 1485 1450 curarem,

171 1479 210 1510 et
241 1483 332 1514 curn
364 1470 578 1515 Academia
613 1471 960 1515 communicarem.

1335 2236 1479 2295 Exi-211·-
