2014 2761
463 210 553 251 214
588 195 676 240 DE
693 191 965 240 ASPECTV
978 193 1064 241 ET
1081 191 1465 242 CONFORMAT
1492 195 1667 247 VARIA

578 310 614 358 §.
650 320 694 357 6.
757 314 844 358 Iam
877 317 985 371 super
1019 318 1202 370 proxime
1237 316 1451 370 sequentem
1485 318 1655 359 tunicam
1689 333 1771 363 car·

455 381 620 431 msam,
667 382 810 434 duplici
843 381 932 421 serie
965 382 1146 421 fibrarum
1183 383 1439 435 compositam
1462 412 1472 432 ,
1515 383 1657 424 iterum
1690 386 1770 427 vasa

456 445 527 485 alia
556 446 639 498 lege
665 446 863 495 incedere,
897 446 1220 501 conspectumque
1250 447 1362 500 plane
1392 456 1538 487 mutare
1565 447 1646 488 sunt
1674 447 1768 490 visa:

457 510 616 551 Etenim
639 541 650 561 ,
693 510 732 550 in
764 510 926 564 longum
960 521 998 551 et
1035 511 1154 551 latum
1179 541 1189 561 ‚
1235 511 1319 552 vasa
1354 512 1479 552 breuia
1502 542 1512 562 ,
1558 512 1771 563 rectilinea,

457 576 628 625 ramosa,
659 576 823 628 regulari
857 576 968 626 serie,
1004 585 1043 615 et
1069 585 1167 615 certa
1201 576 1394 626 distantia,
1433 586 1478 617 vt
1503 571 1632 618 surculi
1660 578 1774 619 arbo-

456 640 505 680 ris
550 640 740 680 breuiores
782 641 939 681 truncati
977 653 1019 680 ac
1052 639 1257 691 decussati,
1310 650 1348 680 et
1381 642 1482 695 quod
1519 641 1607 683 hinc
1641 642 1774 683 conse-

456 706 600 758 quitur,
639 704 804 745 formam
840 706 956 745 crucis
989 706 1236 754 mentientes,
1271 705 1349 744 sunt
1382 705 1522 759 posita,
1565 708 1669 747 iuxta
1701 708 1772 748 du-

457 770 602 823 plicem
634 769 764 809 seriem
802 769 983 810 fibrarum
1007 800 1017 820 ,
1072 781 1232 822 quarum
1268 769 1521 810 direc‘tionem
1554 769 1771 823 sequuntur:

458 834 571 875 Vnde
604 834 726 886 prima
760 835 1012 888 inspectione,
1046 833 1144 874 haud
1173 844 1214 874 vt
1242 833 1371 874 surculi
1396 834 1597 887 singulares
1623 845 1664 876 et
1690 848 1775 876 cru-

458 899 568 948 ciati,
604 911 741 937 verum
772 908 813 938 vt
841 912 906 939 vas
940 900 1139 951 geminum
1173 898 1404 938 decussatum
1433 899 1506 938 viia
1535 898 1626 940 sunt.
1695 901 1774 940 Po-

458 963 626 1011 stremo,
662 963 788 1016 apices
815 962 874 1002 seu
902 973 1078 1003 extrema
1110 961 1365 1016 praefatorum
1395 963 1623 1003 surculorum
1651 963 1771 1003 si'ibito

457 1036 670 1076 attenuata,
716 1027 884 1067 minimis
921 1027 1188 1081 propaginibus
1221 1028 1501 1079 terminantur,
1557 1040 1650 1082 quae
1683 1040 1772 1069 cum

458 1091 606 1133 surculis
638 1091 812 1144 vtrinque
840 1092 963 1133 adsitis
996 1092 1137 1133 vltimo
1170 1092 1405 1147 copulantur.

580 1182 617 1230 ξ.
657 1199 703 1237 7.
769 1189 911 1245 Quarta
947 1189 1157 1244 subsequens
1180 1190 1332 1230 'Tunica
1364 1189 1424 1229 sub
1451 1189 1651 1230 Musculari
1683 1189 1772 1242 sita,

459 1261 504 1294 vt
547 1252 894 1307 multiplicatione,
951 1254 999 1296 fic
1041 1255 1233 1295 subtilitate
1278 1265 1316 1294 et
1356 1254 1492 1294 fiibrica
1537 1253 1774 1297 vasculorum

460 1318 719 1360 minimorum
754 1319 829 1358 eius
856 1318 1006 1358 cellulas
1033 1320 1354 1373 pei-reptantium,
1390 1319 1443 1359 est
1469 1331 1605 1360 verum
1634 1332 1775 1362 exem-

460 1383 545 1437 plar
578 1383 756 1422 secundae
782 1378 887 1434 supra
915 1384 1134 1436 descriptae:
1172 1383 1280 1423 Nam
1310 1384 1446 1422 ambae
1472 1383 1549 1422 sunt
1578 1384 1773 1438 adiposae‚

462 1457 504 1487 vt
543 1446 583 1484 in
627 1446 786 1498 optimis
818 1444 1068 1485 Cadaneribus
1105 1447 1158 1485 est
1200 1445 1462 1498 perspicuum:
1518 1446 1632 1486 Vnde
1674 1447 1770 1498 hic,

462 1511 540 1550 eius
572 1508 691 1549 solum
727 1510 849 1549 modo
882 1522 972 1548 cum
1010 1511 1134 1563 priore
1166 1510 1452 1551 similitudinem
1482 1510 1619 1564 absque
1654 1512 1778 1554 inutili

460 1574 689 1629 repetitione
721 1574 910 1614 annotasse
944 1573 1091 1617 sufficit.

585 1666 621 1714 ξ.
665 1676 704 1712 8.
773 1671 961 1713 Detrac‘to
992 1685 1044 1712 eo
1076 1673 1165 1713 velo
1197 1672 1350 1726 adiposo
1383 1672 1638 1724 subtiliffimO,
1675 1675 1775 1717 aliud

463 1736 683 1778 admirabile
717 1737 914 1792 opificium
949 1738 1120 1779 'vasorum
1154 1738 1424 1778 aduertendum
1458 1738 1535 1787 est,
1570 1752 1589 1778 a
1609 1752 1683 1792 quo
1712 1751 1775 1780 to-

462 1812 545 1842 tum
582 1803 833 1843 ventrtculnm
870 1815 918 1842 ex
952 1805 1061 1843 omni
1097 1813 1204 1856 parte
1238 1803 1433 1842 obtectum
1470 1804 1542 1842 effe
1575 1805 1776 1846 manifesto

465 1867 743 1920 conspeximus.
845 1866 888 1907 Id
925 1877 1081 1921 quatuor
1121 1867 1446 1916 antecedentilms,
1507 1881 1596 1908 cum
1639 1871 1774 1910 fabrica

464 1940 548 1971 tum
583 1932 835 1985 amplitudine
872 1931 1044 1972 vasorum
1068 1963 1077 1981 ,
1130 1945 1362 1985 nequaquam
1397 1931 1611 1986 respondet.
1681 1934 1777 1975 Sunt

465 1996 642 2035 videlicet
690 2004 733 2040 Ι)
765 1997 897 2036 ductus
932 1997 1121 2037 breuiores
1158 1997 1266 2037 valde
1301 1998 1512 2050 conspicui,
1548 1998 1678 2052 ampla
1711 2012 1775 2038 ea-

464 2072 538 2114 que
571 2061 752 2099 const-niti
783 2062 972 2101 diametro
1005 2061 1190 2112 insti-nesti,
1225 2061 1312 2101 hinc
1345 2063 1506 2109 arcuati,
1541 2071 1578 2100 ct
1613 2073 1774 2115 Vtroque

466 2135 645 2165 extremo
685 2138 773 2164 cuin
820 2125 985 2165 ciusdem
1031 2127 1175 2179 generis
1214 2127 1390 2166 duffibus
1432 2123 1637 2166 inosculati.
1693 2129 1772 2168 wid.

470 2186 670 2231 Comment.
689 2190 816 2231 Acad.
838 2190 977 2234 Sciens.
1001 2189 1109 2234 Tem.
1131 2188 1215 2234 IV.
1259 2194 1301 2244 2)
1338 2191 1407 2231 Per
1432 2190 1638 2231 istiuemodi
1659 2204 1776 2232 com-

1605 2268 1744 2311 pagem
1761 2288 1772 2310 ,
