2014 2761
315 415 423 444 Tabula
441 413 520 443 XV!-
544 434 550 441 .

335 458 435 495 Figura
456 466 488 493 13

376 660 458 700 [14⁴]

381 819 460 860 [15]

524 190 615 241 364.
864 178 954 225 DE
989 175 1279 225 CONFVCH
1313 178 1491 226 LIBRO

520 304 654 346 eadem
696 301 919 344 auctoritate
960 301 1033 343 effe
1074 301 1299 352 contendit,
1354 314 1426 355 qua
1460 300 1531 343 sint
1574 308 1683 343 antea
1715 316 1737 344 a
1769 316 1834 346 me

521 368 824 410 commemorati
850 367 946 408 libri.
1012 364 1240 421 Coupletus‚
1277 378 1397 420 neque
1422 367 1642 421 interpretes
1667 368 1730 422 qui
1757 368 1838 410 fue-

525 443 625 485 rint,
668 433 847 483 reticuit,
893 444 1013 485 neque
1046 444 1139 487 quae
1172 430 1239 472 illa
1271 429 1513 485 philosophia
1548 434 1722 473 naturalis
1758 431 1838 475 Sim

520 498 556 550 ζν
589 504 634 540 ta
662 499 803 546 civen,
849 505 985 551 quanta
1018 497 1176 551 denique
1209 508 1349 537 eorum
1382 496 1562 544 omnium
1596 498 1694 551 apud
1729 495 1840 538 Sinos

523 563 566 604 sit
598 563 823 611 auc‘toritas‚
861 561 1113 605 diffiniulauit,
1194 560 1330 615 Neque
1363 573 1414 600 eo
1448 560 1614 610 inficias,
1656 575 1743 602 cum
1779 561 1839 601 hi-

523 628 754 669 storicorum
788 627 995 667 multitudo
1028 626 1148 666 exstet
1181 638 1302 680 prope
1336 625 1480 666 infinita
1505 656 1515 675 ,
1561 627 1711 667 annales
1745 623 1840 666 'Irim

524 694 606 734 luen
630 724 640 743 ‚
695 692 758 746 qui
792 692 922 736 multis
957 690 1209 731 voluminibus
1246 689 1427 730 omnium
1463 691 1699 731 memorium
1738 701 1844 729 aeta-

527 769 610 799 tum
644 755 987 810 complectuntur,
1030 766 1245 808 quorumue
1278 753 1451 794 maxima
1486 767 1570 807 pars
1603 767 1653 795 ex
1686 753 1842 795 officina

525 820 585 878 §a
617 820 680 864 chi
712 822 751 861 in
782 819 1012 861 bibliotheca
1041 820 1157 872 Regis
1183 817 1340 861 Pruffiae
1369 815 1540 861 Berolini
1573 819 1626 860 est
1658 819 1841 877 reposita,

526 887 658 928 ceteris
699 885 886 927 chronicis
918 884 1019 924 fai-ma
1052 893 1090 923 et
1122 883 1404 923 existimatione
1445 882 1681 924 eruditorum
1725 883 1842 937 longe

526 952 682 992 anteire.
766 948 895 1002 Itaque
931 947 1028 987 nihil
1063 959 1128 988 me
1161 957 1266 987 vetat
1286 976 1296 995 ,
1338 945 1449 986 hosce
1482 947 1598 986 libros
1619 978 1628 996 ‚
1670 949 1770 1000 quod
1804 957 1842 988 et

526 1015 595 1069 ipsi
631 1013 779 1068 publica
812 1012 1037 1053 auctoritate
1070 1014 1147 1051 lunt
1179 1010 1422 1055 confirmati,
1456 1010 1493 1049 in
1525 1011 1633 1051 classe
1665 1024 1837 1064 ponere,

529 1088 698 1119 attamen
730 1076 1004 1117 tantummodo
1037 1076 1074 1115 in
1109 1075 1231 1115 tertia.
1315 1073 1513 1114 Proletarii
1544 1074 1702 1128 denique
1734 1075 1844 1117 nobis

528 1151 638 1183 erunt
669 1150 797 1195 quarta
831 1141 871 1180 in
906 1138 1014 1180 claffe
1035 1170 1046 1190 ,
1099 1151 1187 1180 cum
1233 1138 1368 1192 priuati
1401 1138 1471 1180 sint
1505 1151 1642 1179 omnes
1675 1149 1712 1179 et
1743 1139 1843 1194 quasi

529 1207 605 1250 fine
631 1206 753 1247 censu.
821 1204 879 1246 At
906 1203 1060 1245 lesuitae
1089 1216 1177 1244 curn
1207 1202 1373 1244 clafficos
1405 1204 1680 1244 tantummodo
1712 1204 1845 1258 appel-

528 1271 606 1316 lant
637 1270 691 1314 Lo
725 1270 824 1320 kim,
865 1269 923 1310 seu
944 1264 1020 1324 sex
1051 1267 1263 1317 volumina,
1305 1280 1398 1321 quae
1430 1268 1468 1307 in
1502 1268 1628 1321 prima
1664 1268 1772 1309 claffe
1806 1278 1844 1312 et

529 1337 567 1379 in
602 1335 754 1376 secunda
786 1333 1036 1375 recensuimus
1058 1364 1069 1383 ‚
1110 1343 1191 1374 tum
1227 1331 1408 1375 Sinorum
1442 1332 1584 1372 iudicio
1603 1363 1613 1382 ‚
1663 1342 1746 1374 tum
1779 1333 1844 1374 suo

529 1401 698 1455 quodam
732 1400 811 1439 iure
843 1407 968 1451 agunt.
1033 1397 1088 1437 Vt
1120 1398 1159 1437 in
1192 1398 1464 1438 Romanorum
1502 1397 1642 1437 ciuium
1676 1397 1844 1438 claffibus

528 1464 651 1505 census
684 1463 804 1516 grauis
838 1464 953 1512 aeris,
990 1461 1040 1502 fic
1070 1461 1109 1500 in
1142 1460 1212 1500 hac
1244 1459 1519 1508 controuersia,
1553 1461 1747 1514 antiquitus
1775 1461 1843 1502 de-

529 1528 660 1569 cernit.
742 1525 904 1579 Recepti
935 1524 1015 1566 sunt
1048 1524 1159 1577 igitur
1191 1536 1328 1564 ornnes
1359 1522 1400 1563 hi
1433 1523 1549 1574 libri,
1590 1534 1628 1564 nt
1659 1524 1841 1578 dignitate

530 1592 746 1646 fortunaque
779 1589 929 1631 diuersa.
998 1588 1096 1631 Non
1131 1598 1334 1643 potuerunt
1365 1587 1429 1628 vel
1462 1587 1648 1629 Nicolaus
1680 1588 1843 1644 Longo-

531 1656 685 1705 bardus,
721 1654 786 1696 vel
818 1653 1007 1696 Antonius
1037 1653 1085 1694 de
1119 1651 1159 1696 S.
1188 1653 1338 1704 Maria,
1372 1652 1434 1693 vel
1471 1652 1706 1704 Namare-ta,
1740 1664 1842 1695 cete-

532 1722 635 1776 rique
665 1719 883 1762 Iesuitarum
918 1716 1108 1760 aduerffirii
1137 1717 1315 1766 diffiteri,
1356 1716 1461 1757 illam
1491 1717 1539 1757 de
1569 1728 1696 1758 natura
1725 1731 1838 1760 com-

533 1786 839 1835 mentationem,
881 1782 1049 1844 auspiciis
1078 1778 1182 1827 Tum
1214 1780 1248 1822 lo
1280 1780 1533 1834 Imperatoris
1553 1810 1564 1825 ‚
1606 1783 1754 1823 circiter
1785 1785 1838 1826 A.

533 1848 578 1891 C.
614 1862 727 1902 1415
770 1849 1059 1904 promulgatam
1093 1846 1207 1887 fuisse.
1307 1844 1562 1900 Interpretum
1595 1845 1840 1899 Sinicorum,

532 1916 628 1956 item
662 1925 706 1957 vt
736 1914 937 1956 auctorum
971 1911 1140 1953 chronici
1166 1908 1263 1950 Tum
1295 1911 1375 1952 kien
1408 1911 1569 1951 diuersae
1603 1914 1745 1952 fuerunt
1777 1925 1842 1952 ae..

534 1989 628 2020 tates
650 2009 661 2030 ,
714 1979 876 2020 Vniuersi
908 1987 1037 2018 tamen
1060 2005 1070 2025 ‚
1116 1974 1213 2017 Sinis
1244 1975 1331 2028 ipsis
1366 1975 1580 2015 testantibus
1599 2007 1609 2027 ‚
1653 1973 1841 2016 Consucio

536 2043 662 2084 multo
694 2044 923 2084 recentiores
951 2040 1179 2081 exstiterunt.
1263 2038 1392 2093 Iraque
1425 2037 1602 2090 Iesuitae,
1647 2052 1736 2079 cum
1770 2039 1842 2080 hos

536 2108 600 2148 vel
627 2121 648 2147 a
676 2107 879 2161 priscorum
908 2105 1085 2148 Sinorum
1112 2104 1310 2154 sententia,
1345 2103 1406 2143 vel
1432 2103 1572 2157 alioqui
1599 2115 1620 2142 a
1647 2115 1742 2143 vero
1770 2105 1840 2149 ab·

536 2171 667 2214 erraffe
703 2171 987 2227 deprehendant
1002 2200 1014 2224 ,
1068 2181 1149 2212 non
1180 2170 1384 2213 admittunt
1415 2177 1610 2223 tamquam
1644 2167 1807 2211 classicos
1829 2199 1840 2219 ‚

1763 2231 1839 2277 hoe
