2014 2761
507 198 596 246 368
843 188 933 233 DE
964 184 1256 232 CONFVCH
1287 184 1468 234 LIBRO‘

503 311 664 365 reliquit.
733 309 924 351 Miraculo
960 309 1082 350 simile
1118 308 1194 358 est,
1229 310 1386 363 potuisse
1424 319 1568 350 tantum
1603 309 1811 362 imperium

502 377 651 416 ruinam
687 385 795 429 atque
829 375 1024 413 interitum
1061 372 1146 426 post
1182 383 1238 413 tot
1271 374 1390 414 secula
1425 375 1618 427 effugere,
1664 375 1700 412 in
1737 387 1817 428 quo

503 441 587 481 libri
622 440 692 480 sint
727 441 856 493 legum
891 439 1113 479 auctoritate
1154 437 1403 490 confirmati,
1460 451 1552 492 quos
1584 438 1743 478 vniuerfi
1776 438 1816 478 in

503 505 653 546 caelum
681 505 756 545 fere
784 503 976 553 laudibus,
1011 503 1203 557 explicent
1219 503 1390 557 publice,
1430 503 1607 556 priuatim
1628 502 1817 555 ediscant⁷

503 583 595 625 quos
626 568 885 624 Imperatores
917 568 985 622 ipsi
1018 569 1056 608 in
1089 567 1228 607 deliciis
1261 567 1485 621 honoreque
1518 567 1682 607 habeant
1703 597 1713 617 ,
1768 579 1820 608 ex

504 635 634 689 quibus
665 635 732 675 fibi
763 634 902 687 suisque
934 633 1115 687 exempla
1150 633 1196 672 ad
1229 632 1456 673 imitandum
1489 641 1708 686 proponant
1727 662 1738 681 ‚
1781 633 1821 672 in

506 701 635 755 quibus
669 710 800 741 tamen
839 698 1063 738 (editionum
1099 697 1303 737 foecundae
1339 697 1407 737 sint
1438 696 1602 750 legete5‚
1654 709 1743 736 cum
1780 696 1821 737 in

506 765 644 820 primis
670 764 778 805 liceat
807 763 1024 816 licueritque
1050 763 1235 815 impune,
1270 761 1476 801 formulam
1504 761 1611 801 illam
1640 761 1820 814 imperii,

507 843 623 884 quam
654 829 696 869 hi
723 829 810 869 libri
841 828 1033 882 produnt,
1069 828 1126 867 vti
1154 827 1345 880 optimam
1375 825 1676 875 commendare,
1710 837 1820 879 quae⁷

509 895 576 936 nili
610 892 730 934 euerffi
757 892 1047 946 Imperatorum
1082 891 1296 942 maiestate,
1331 901 1394 930 aut
1424 889 1552 930 saltem
1587 901 1823 944 magnopere

509 960 746 1006 imminuta,
800 957 956 997 existere
992 969 1067 996 non
1103 955 1227 1010 poffit.
1323 952 1459 1008 Neque
1493 967 1591 994 vero
1624 955 1820 994 obiturum

509 1024 584 1074 est,
620 1036 677 1063 res
704 1021 819 1063 Sinici
853 1021 1005 1075 imperii
1033 1032 1081 1059 ex
1109 1019 1310 1060 armalibus
1335 1019 1571 1068 recordanti,
1606 1018 1699 1059 nihil
1728 1019 1827 1059 adeo

509 1098 570 1129 tot
604 1088 794 1128 domuum
828 1085 1171 1140 Imperatoriarum
1219 1084 1366 1124 ruinam
1405 1082 1621 1123 acceleraffe
1643 1113 1654 1133 ‚
1708 1095 1824 1136 quam

510 1153 686 1193 animum
722 1150 887 1204 populi,
924 1149 1021 1190 illius
1054 1148 1288 1189 vetustiffimi
1322 1149 1430 1189 status
1465 1147 1648 1188 desiderio
1683 1157 1721 1187 et
1753 1159 1823 1187 ex-

508 1217 740 1272 spee‘tatione
768 1214 917 1256 imbuti.
985 1214 1045 1255 Ea
1065 1226 1210 1268 quoque
1229 1214 1347 1254 caussa
1366 1213 1466 1253 fuisse
1486 1213 1654 1260 videtur,
1688 1225 1826 1266 quam-

512 1283 649 1323 obrem
686 1278 886 1321 Confucius
906 1310 916 1325 ,
961 1280 1023 1333 qui
1056 1279 1266 1319 nascentem
1303 1288 1422 1318 aetate
1455 1277 1511 1316 iim
1547 1288 1584 1317 et
1618 1277 1663 1317 ad
1696 1278 1733 1317 id
1769 1278 1825 1318 fa-

512 1347 692 1401 stigium,
727 1346 827 1399 quod
861 1345 996 1386 deinde
1029 1343 1223 1384 consecuta
1257 1342 1332 1393 est,
1369 1343 1645 1393 adspirantem,
1688 1342 1745 1382 {ed
1778 1342 1828 1382 li·-

512 1412 660 1452 bratam
706 1410 826 1450 adhuc
869 1418 1000 1449 mutua
1043 1408 1261 1462 principum
1305 1406 1561 1446 aemulatione
1612 1408 1827 1459 potentiam

511 1476 606 1516 ferre
640 1487 717 1514 non
751 1473 891 1527 posset,
931 1482 968 1512 et
1002 1472 1216 1525 magistratu
1250 1470 1390 1510 euersus
1422 1470 1532 1509 fucrit
1566 1479 1602 1510 et
1637 1471 1682 1511 ad
1717 1482 1828 1511 mor-

515 1550 594 1580 tem
624 1538 825 1593 quaesitus,
865 1546 908 1576 xit
941 1537 1004 1576 diu
1037 1549 1124 1577 cum
1160 1535 1321 1589 egestate
1353 1534 1609 1584 conflictatus,
1647 1547 1829 1589 nusquam

515 1614 637 1646 tutum
673 1603 827 1644 fortunis
859 1601 926 1642 suis
956 1601 1085 1641 locum
1121 1601 1330 1654 reperiret,
1376 1612 1418 1640 ac
1453 1600 1611 1653 denique
1646 1601 1708 1640 vel
1741 1613 1828 1640 ma-

515 1671 649 1711 ritimo
673 1667 795 1717 cursu,
830 1666 893 1706 vel
920 1665 1080 1706 terrestri
1110 1665 1241 1705 itinere
1270 1664 1316 1705 ad
1344 1664 1517 1704 barbaros
1541 1665 1705 1717 fugiendi
1732 1677 1828 1705 con-

517 1735 640 1777 filium
675 1741 838 1786 caperet.
909 1730 1081 1771 Habebat
1113 1729 1177 1769 ille
1209 1729 1351 1778 multa,
1391 1741 1482 1782 quae
1516 1730 1554 1769 in
1587 1728 1708 1769 seculo
1741 1728 1830 1779 suo,

516 1801 594 1840 iure
628 1799 843 1852 meritoque
879 1797 1139 1850 redargueret,
1184 1794 1350 1844 virtutis,
1396 1806 1516 1847 neque
1551 1795 1600 1834 ita
1634 1793 1828 1847 impense,

518 1875 560 1905 vt
592 1863 767 1917 cupiebat
800 1860 1025 1910 Confucius‚
1063 1872 1180 1912 neque
1213 1868 1392 1912 quantum
1426 1871 1469 1899 ea
1501 1858 1730 1913 superiorem
1764 1871 1829 1899 ae-

519 1939 637 1969 tatem
673 1926 835 1967 floruifl'e
868 1924 1130 1972 existimabat,
1172 1923 1357 1972 studioso⁷
1403 1924 1549 1964 tametsi
1582 1924 1696 1964 etiam
1731 1924 1828 1963 olim

516 1992 625 2032 foeda
655 1991 836 2045 exempla
866 1991 964 2031 haud
994 1990 1138 2038 minus,
1171 2002 1284 2043 quam
1315 1985 1488 2028 Confucii
1519 1986 1662 2038 secum,
1699 1989 1828 2028 statuta

518 2058 673 2098 fueraut.
742 2055 816 2096 Sed
852 2054 969 2095 isthuc
1008 2063 1184 2108 apparet,
1224 2066 1312 2095 eum
1349 2052 1586 2106 potiffimum
1623 2052 1828 2106 reprehen-

516 2122 624 2171 disse,
662 2121 763 2173 quod
802 2120 968 2173 pristinus
1001 2120 1153 2173 imperii
1191 2118 1300 2159 status
1331 2117 1626 2164 conuelleretur,
1661 2130 1747 2157 cum
1770 2125 1829 2156 et-

519 2186 601 2228 iam
648 2184 817 2227 minimis
856 2184 894 2224 in
936 2185 1182 2227 caeremoniis
1221 2181 1313 2225 nihil
1358 2184 1490 2225 nouari
1522 2181 1654 2225 mallet
1674 2213 1684 2233 ,
1737 2193 1832 2235 quae

1718 2257 1834 2303 proe-
