2014 2761
186 169 268 213 DE
301 168 568 212 MINIMIS
604 166 1138 212 OSCILLATIONIBVS
1171 166 1338 211 CORP'⁴⁷>
1373 181 1463 223 103³.

148 291 288 344 gitudo
323 290 480 343 penduli
517 289 706 345 fimplicis
739 290 883 330 eodem
921 298 1109 345 tempore
1149 289 1368 332 descensum
1401 290 1463 330 seu

147 354 533 396 semioscillationem
584 355 844 402 absoluentis,
897 368 977 409 quo
1027 355 1125 396 illud
1159 367 1303 410 corpus
1354 356 1463 396 viam

146 420 254 462 snam
288 420 468 461 absoluit.
538 420 611 461 Illa
653 432 783 461 autem
826 419 894 461 via
927 420 982 460 est
1013 420 1204 474 spatium,
1240 420 1344 475 quod
1373 433 1468 461 cor-

148 500 219 539 pus
240 498 464 540 percurrere
498 486 637 535 debet,
673 487 799 525 donec
833 485 874 523 111
909 485 1049 525 statum
1075 486 1215 539 quietis
1248 487 1462 539 peruenian

150 550 263 592 Dum
298 561 397 589 vero
430 561 573 601 corpus
606 550 644 588 in
667 548 744 588 hoc
780 547 905 601 spatio
928 559 1140 600 monetur,
1174 552 1233 589 νέε
1262 550 1358 590 illud
1387 550 1465 590 fiss-

146 617 299 657 licitans
331 611 485 666 semper
522 613 574 653 est
609 612 916 667 proportionalis
949 611 1151 652 distantiae
1180 625 1201 652 a
1223 613 1316 653 statu
1352 616 1467 666 quie-

146 681 222 731 tis,
256 679 283 719 fi
318 677 476 732 quidem
514 679 709 718 minimae
743 677 1008 717 oscillationes
1042 676 1187 717 fuerint
1220 676 1464 718 isochronae⁶

144 743 190 785 Id
210 743 314 799 quod
352 755 404 782 ex
423 742 569 783 cafibus
602 743 784 796 deinceps
818 742 1053 782 euoluendis
1095 741 1271 795 patebit,
1305 742 1346 781 in
1376 744 1466 796 qui-

145 809 216 849 bus
253 809 311 849 vis
343 807 507 861 fingulas
541 807 747 862 particulas
781 819 925 860 vrgens
959 806 1276 860 proportionalis
1309 819 1465 861 quoque

144 874 362 930 reperietur
395 871 584 914 distantiis
617 871 832 927 ipsaruma
860 871 956 912 statu
998 871 1160 925 quietis.

261 1004 295 1054 §-
340 1016 410 1043 11.
448 1000 493 1044 Si
529 1004 649 1058 igitur
701 1001 810 1057 plura
863 1013 1030 1055 corpora
1082 1000 1196 1041 fimul
1248 1001 1288 1042 in
1323 1000 1463 1042 statum

147 1069 289 1122 qnietis
332 1070 539 1123 peruenire
591 1068 783 1120 debeant,
818 1076 982 1121 oportet
1016 1075 1060 1106 vt
1094 1067 1134 1105 in
1176 1066 1225 1105 iis
1269 1066 1465 1121 quantitas

146 1161 195 1203 ἶ
231 1143 278 1182 fit
311 1143 464 1183 eadem.
535 1143 734 1199 Quocirct
778 1141 981 1195 potentioe
1024 1152 1069 1180 ea
1113 1151 1282 1193 co1···p011
1326 1138 1466 1180 1611111-

145 1209 242 1247 dum
264 1206 526 1246 diree‘tionem
550 1238 562 1258 ,
597 1208 638 1246 in
666 1220 739 1259 qul
767 1215 1012 1256 mouentur,
1032 1204 1286 1244 sollicitantes
1321 1204 1465 1244 debent

146 1272 219 1311 effe
261 1270 300 1308 in
351 1270 507 1309 rttione
550 1269 769 1321 compofita
813 1281 866 1308 ex
909 1267 1128 1307 rationibus
1173 1268 1383 1306 mafftrum
1424 1276 1465 1307 et

144 1334 360 1389 spatiorum
414 1333 797 1385 percurrendorum,
832 1331 965 1384 quibus
1006 1329 1196 1370 confetftis
1241 1332 1282 1371 in
1323 1331 1463 1372 statum

145 1399 288 1452 quietis
321 1397 579 1449 perueniant,
624 1395 686 1433 seu
729 1397 769 1433 in
803 1407 882 1446 quo
925 1394 997 1434 fitu
1039 1395 1080 1432 in
1123 1396 1257 1446 quiete
1299 1408 1464 1448 perma-

143 1475 236 1504 nere
269 1467 470 1516 poterunt.

258 1595 293 1643 §.
334 1604 402 1630 12.
441 1588 489 1630 In
523 1590 639 1630 omni
684 1600 782 1643 ergo
825 1599 994 1642 corpore
1037 1586 1301 1631 oscillationes
1344 1600 1462 1642 pera-

143 1667 262 1712 gente
298 1656 528 1711 spestzmdus
547 1655 600 1695 est
633 1663 723 1695 ante
751 1653 888 1693 omnia
926 1652 1039 1706 ipfius
1073 1653 1187 1693 status
1220 1653 1459 1707 aequilibffl,

144 1724 186 1762 in
221 1735 300 1776 quo
342 1722 368 1762 fi
402 1720 523 1760 semel
564 1719 681 1760 fuerit
723 1719 764 1759 in
797 1719 952 1772 quiete,
1002 1717 1042 1756 in
1085 1730 1135 1757 eo
1179 1728 1371 1770 perpetuo
1413 1718 1462 1758 fit

145 1786 456 1842 permansurum.
524 1784 601 1825 Hic
636 1785 746 1824 enim
792 1783 903 1824 status
944 1780 1196 1837 respondebit
1245 1782 1327 1822 fitui
1362 1794 1464 1835 pen-

145 1852 229 1892 duli
271 1850 457 1905 slmplicis
499 1849 679 1890 verticuli
736 1849 777 1889 in
820 1860 900 1902 quo
942 1846 1028 1887 solo
1078 1847 1273 1900 quiescere
1316 1846 1458 1900 potest.

145 1916 308 1958 Deinde
343 1915 441 1956 illud
474 1927 614 1968 corpus
647 1925 861 1968 parumper
892 1924 946 1953 ex
979 1911 1057 1952 hoc
1092 1912 1187 1952 statu
1239 1911 1294 1952 est
1326 1911 1461 1952 detur-

145 1982 339 2032 bandum,
399 1990 439 2020 et
481 1979 786 2034 inquirendum,
839 1986 987 2032 quanto
1030 1975 1239 2017 interuallo
1286 1988 1462 2031 quaeque

145 2045 335 2102 particula
369 2045 419 2085 ab
452 2057 503 2085 eo
544 2044 656 2096 loco⁷
699 2056 817 2097 quem
853 2043 893 2082 in
936 2043 1031 2083 statu
1075 2041 1296 2096 aequilibrii
1337 2054 1460 2082 occu-

145 2112 287 2167 pabat,
331 2111 472 2165 distet3
525 2110 631 2164 quod
663 2109 739 2150 erit
771 2107 937 2164 spatium
970 2108 1299 2164 percurrendum.
1367 2104 1461 2146 De-

1339 2182 1457 2224 mque
