2014 2761
480 176 1215 226 ANATOMICO-PRACTICAE.
1415 193 1469 234 23
1483 194 1501 224 t

311 295 349 338 G
386 296 530 354 Sz'pho,
567 308 639 356 per
671 314 809 342 venam
842 312 976 343 cauam
1008 299 1191 344 traiefflus
1211 332 1222 351 ,
1266 299 1372 340 viam
1407 298 1514 343 huius

192 376 259 419 per
293 377 382 418 epar
413 365 620 418 designans.

312 439 342 478 F
376 437 491 479 Ibnae
519 447 741 494 portarum,
776 451 869 493 quae
900 440 1150 482 membranae
1181 438 1512 495 pinguetudinossie

190 503 339 544 adcreta
375 504 558 556 vndiqne,
593 504 771 555 ingressus
803 505 842 543 in
878 516 985 557 epar.

308 576 328 617 1
363 574 501 616 Iobulccs
534 574 674 630 exih's,
707 575 807 630 quasi
840 588 912 616 vna
952 586 1077 631 porta.

306 649 353 691 M
388 647 528 690 lobulus
560 650 669 692 alius.
740 649 807 691 An
841 660 952 705 porta
987 646 1133 692 altera?
1169 650 1208 693 A
1245 662 1345 693 vena
1380 661 1518 708 porta-

189 728 276 756 rum
310 723 410 755 certe
445 713 625 756 seiunc‘tus
658 713 875 769 speestatur,
930 725 1040 770 atque
1073 729 1193 757 venae
1227 729 1340 757 cauae
1373 718 1513 758 valdo-

192 792 285 834 pere
320 781 492 830 adiutus,
534 789 576 820 vt
603 779 710 820 huius
744 781 874 835 potius
911 791 1024 836 porta
1059 781 1187 824 haberi
1221 781 1355 837 poffit,
1391 795 1508 838 quam

189 857 307 886 venae
341 854 551 900 portarum.

336 942 476 984 Homo
508 942 615 984 vinus
646 944 694 985 de
727 953 837 999 epate
868 945 1089 1000 conquestus
1119 943 1236 986 fuerat
1269 959 1506 1003 numquam3

187 1017 371 1063 quantum
400 1008 530 1050 rescire
558 1010 678 1064 potui.
748 1008 960 1065 Idemque,
998 1011 1123 1052 cultro
1158 1011 1341 1064 diuisum,
1377 1014 1509 1054 omni-

189 1075 308 1114 mode
344 1075 472 1115 sanum
504 1075 581 1115 ssim
617 1075 818 1116 arbitratus.
900 1077 989 1127 An,
1024 1078 1063 1117 in
1101 1076 1178 1118 hoc
1213 1088 1348 1131 epate,
1384 1078 1511 1132 singu-

190 1137 274 1177 laris
300 1139 367 1180 fnit
396 1140 628 1180 vasculorum
657 1141 842 1193 direffio,
878 1141 1042 1196 aliusque
1069 1142 1257 1192 decursus,
1295 1156 1408 1197 quam
1437 1143 1510 1183 ob-

187 1202 304 1243 tinere
336 1200 464 1243 solet?
516 1204 627 1245 Felix
660 1205 699 1246 id
730 1206 896 1247 reuelare
933 1207 1109 1259 potuisset
1146 1208 1302 1247 iniediu.
1403 1207 1510 1247 Talis

188 1267 300 1308 modi
335 1280 446 1323 epar,
480 1268 519 1307 in
552 1267 708 1320 (cholis,
752 1269 846 1310 inter
879 1269 1005 1310 malae
1038 1269 1354 1311 conformationis
1389 1283 1505 1325 opera

185 1331 354 1374 refertur.
443 1332 632 1374 Pernersus
664 1334 830 1374 bili-ariae
868 1334 1010 1375 vesicae
1042 1334 1127 1375 sltUS
1159 1336 1196 1376 id
1229 1335 1372 1389 poscit,
1410 1336 1508 1377 inter

187 1397 271 1439 alia.
356 1392 474 1449 Lusus
506 1402 668 1436 naturae
702 1407 860 1437 vocatur
896 1399 977 1437 talis
1008 1399 1213 1450 produc‘rio
1246 1400 1292 1439 ab
1326 1400 1398 1450 iis,
1442 1401 1506 1453 qui

184 1461 314 1501 ludunt
346 1473 436 1501 cnm
471 1460 678 1501 vocabulis'.
746 1460 813 1501 De
845 1470 975 1502 cetero
1007 1462 1146 1516 liquet,
1190 1471 1228 1504 et
1259 1463 1505 1517 antiquorum

186 1526 413 1580 inquisitioni
447 1525 482 1565 se
516 1526 652 1566 offerre
695 1525 854 1579 potuisse
898 1526 985 1567 talia
1021 1537 1160 1582 epata:
1216 1527 1381 1568 aduersus
1415 1541 1508 1582 quos

187 1592 319 1631 acriter
360 1591 557 1646 disputanit
609 1586 771 1646 Wsalius
814 1591 861 1633 de
904 1589 1004 1634 hum.
1050 1600 1150 1649 corp.
1182 1588 1275 1648 sab.
1324 1592 1410 1636 Lib.
1448 1594 1501 1636 V.

186 1653 281 1711 Cap.
315 1654 409 1696 VII.

310 1785 401 1843 Obs.
438 1793 482 1829 6.
553 1786 676 1830 Situm
712 1789 866 1846 intestini
898 1790 1055 1832 duodeni
1096 1799 1258 1845 optume
1291 1790 1500 1848 descripfit‚

190 1852 257 1894 suis
289 1854 327 1893 in
362 1850 670 1907 obseruationibus
707 1857 967 1899 Anatomicis‚
1010 1855 1218 1898 Santorini.
1304 1855 1376 1899 Sed
1390 1885 1400 1907 ‚
1438 1859 1503 1912 qui

190 1919 371 1958 eumdem
405 1920 634 1960 omnimode
668 1921 901 1961 constantem
936 1918 1156 1962 existimant
1178 1953 1187 1971 ,
1233 1921 1308 1962 siue
1339 1923 1503 1977 repletus

187 1983 296 2023 fuerit
328 1984 573 2033 ventriculus,
620 1984 693 2024 fiue
728 1998 896 2040 vacum,
951 1986 1025 2028 siue
1060 1987 1219 2040 denique
1252 1988 1333 2027 fana
1366 1988 1502 2029 suerint

184 2048 409 2088 ventriculus
436 2049 498 2089 vel
529 2049 772 2099 duodenum,
807 2049 878 2090 sine
912 2051 1055 2091 morbis
1090 2051 1308 2105 quibusdam
1345 2053 1502 2095 obreffa:

187 2112 213 2151 ii
246 2113 418 2153 fiillnntnr
446 2115 559 2154 etiam
588 2123 693 2167 atque
720 2115 851 2155 etiam.
918 2113 1112 2166 Scribam,
1148 2128 1242 2170 quae
1270 2118 1367 2157 meis
1393 2118 1498 2159 vfilr-

189 2178 274 2229 pirui
307 2179 435 2218 oculis.
505 2179 734 2234 Principium
768 2180 933 2220 duodeni
966 2181 1172 2235 adscendit,
1206 2191 1315 2238 atque
1340 2181 1498 2238 superins

218 2237 324 2284 Tom.
346 2240 454 2286 VH.
810 2244 848 2286 H
867 2244 895 2287 h
1441 2245 1496 2289 est
