2014 2761
517 176 606 229 με
688 170 777 217 DE
809 168 1266 220 CIRCVLATIONE
1297 167 1639 220 SANGVfflrs

1013 287 1206 348 Sefflo
1265 308 1314 360 5.

699 436 708 438 ἡ
750 378 818 421 De
852 375 1097 421 AttraHione
1132 375 1306 433 vasorum
1340 378 1594 435 capillariam.
1642 392 1647 394 “

633 457 664 508 ξ.
702 459 775 506 76.
840 453 961 510 Saepe
992 455 1150 504 accidit,
1191 464 1255 505 vt,
1289 456 1351 509 qui
1378 456 1418 496 in
1446 455 1676 510 explicandis
1703 456 1824 512 phae-

514 522 691 562 nomenis
716 530 867 561 naturae
893 521 1064 575 occupati
1091 519 1190 571 sunt,
1219 520 1310 560 tales
1335 520 1453 561 causas
1470 522 1509 560 in
1531 522 1702 562 medium
1731 535 1824 577 pro-

514 587 670 638 ducant,
704 597 798 640 quae
831 598 907 626 non
942 586 1007 627 nisi
1038 585 1202 640 speciem
1237 587 1426 639 quandam
1453 586 1533 626 veri
1559 585 1717 628 habent:
1755 600 1825 627 cu-

513 651 569 692 ius
602 652 754 706 quidem
788 652 923 691 erroris
955 650 1055 691 nulla
1089 649 1166 690 alio
1199 651 1298 690 ratio
1334 650 1413 701 est,
1465 663 1580 704 quam
1617 652 1718 705 quod
1756 663 1825 691 uec

514 715 670 756 effeetus
702 729 770 756 nec
803 716 943 756 cauffae
986 716 1113 756 ideam
1155 714 1370 755 distinctam
1414 714 1607 766 habeant,
1659 716 1717 755 led
1749 715 1826 757 sola

513 779 674 834 speciosa
711 780 832 834 aliqua
865 779 1106 822 fimilitudine
1139 778 1311 833 partiali,
1357 791 1450 833 quae
1485 788 1614 820 tamen
1647 779 1740 819 nihil
1773 778 1826 820 ad

514 843 722 886 rhombum
756 846 870 896 facit,
913 844 1035 899 decipi
1068 844 1101 884 se
1137 844 1350 898 patiantur,
1397 853 1437 883 vt
1471 844 1588 884 miros
1620 844 1828 899 paralogis-

515 922 604 951 mos
629 909 915 951 committendo
942 919 980 948 et
1007 909 1071 950 fibi
1098 918 1135 948 et
1161 909 1240 948 aliis
1268 907 1396 948 fucum
1426 909 1601 947 vendant.
1670 909 1825 949 Horum

517 986 569 1016 ex
601 987 764 1015 numero
797 974 877 1013 sunt
908 972 990 1022 illi,
1043 973 1105 1026 qui
1139 972 1339 1026 postquam
1373 971 1596 1025 generaliter
1627 973 1828 1013 intellexe-

515 1048 600 1079 runt
618 1070 629 1088 ‚
681 1051 818 1092 aquam
851 1039 891 1078 in
922 1036 1052 1077 tubulo
1085 1036 1253 1089 capillati
1284 1035 1422 1075 sursum
1457 1037 1649 1076 ascendere
1668 1068 1678 1086 ,
1730 1036 1828 1077 hanc

485 1123 489 1126 ⁴
514 1102 641 1156 legem
669 1103 717 1142 ad
745 1112 898 1143 motum
925 1100 1103 1153 sanguinis
1131 1100 1398 1154 explicandum
1427 1099 1603 1154 applicari
1630 1101 1735 1154 poffe
1760 1112 1828 1140 au-

335 1524 436 1563 Figura
460 1533 511 1561 14.

515 1175 724 1215 minantes,
761 1166 887 1206 statim
921 1165 1172 1205 concludunt:
1207 1165 1316 1219 Ergo
1348 1165 1604 1204 extremitates
1636 1163 1831 1218 capillares

514 1243 704 1273 venarum
737 1229 951 1283 sanguinem
986 1228 1197 1282 attrahunt3
1241 1230 1351 1283 Ergo
1383 1229 1456 1268 hac
1488 1229 1713 1269 attradtione
1745 1230 1827 1269 san-

517 1296 597 1350 guis
629 1308 679 1336 ex
713 1295 853 1335 arteriis
888 1296 925 1335 in
958 1306 1137 1334 venarum
1175 1294 1302 1334 alueos
1335 1294 1543 1334 facilitatur.
1611 1292 1685 1334 Sed
1714 1293 1741 1334 fi
1769 1293 1830 1334 di.

517 1360 651 1401 stincste
682 1360 971 1413 quaeliuerimus
1003 1371 1051 1399 ex
1085 1369 1237 1411 natura,
1281 1357 1345 1399 illa
1380 1371 1528 1413 quoque
1562 1359 1734 1400 distinete
1767 1370 1829 1399 rc-

515 1423 726 1479 spondebit.

640 1510 675 1558 §.
718 1527 790 1566 77.
858 1513 915 1556 Sit
950 1515 1077 1555 Tubus
1109 1512 1292 1568 capillatis
1328 1510 1446 1563 AB,
1499 1513 1560 1568 qui
1596 1512 1828 1568 superficiem

517 1593 659 1634 aquae,
694 1583 732 1621 in
760 1581 842 1621 vase
870 1581 906 1619 V
932 1591 1107 1633 tangens,
1144 1578 1346 1631 replebitur
1380 1578 1484 1632 {upra
1516 1578 1684 1619 libellam
1714 1590 1829 1631 reque

517 1646 563 1686 ad
600 1645 835 1686 altitudinem
873 1643 984 1698 BC3
1029 1644 1055 1685 fi
1088 1643 1296 1683 remoueris
1330 1643 1462 1683 tubum
1499 1644 1545 1683 ab
1581 1656 1706 1696 aqua3
1765 1643 1828 1683 illa

518 1711 654 1764 portio
687 1722 834 1765 recepta
865 1720 906 1750 et.
937 1709 1093 1750 attrae'ta
1126 1708 1166 1747 in
1197 1707 1316 1761 spatio
1342 1705 1419 1748 EC
1449 1709 1614 1748 immota
1647 1707 1827 1749 haerebit.

636 1785 677 1841 Si
711 1788 926 1840 profluimus
959 1785 1182 1825 immerseris
1214 1784 1344 1824 tubum
1373 1786 1417 1824 ad
1449 1784 1687 1824 altitudinem
1716 1782 1826 1834 BD,

520 1862 602 1893 tum
637 1862 674 1892 et
707 1865 800 1906 aqua
846 1853 883 1892 in
929 1851 1020 1890 tubo
1053 1849 1220 1890 ascendet
1254 1861 1368 1900 xsque
1410 1850 1456 1889 ad
1498 1849 1736 1890 altitudinem
1775 1849 1826 1899 F,

519 1918 569 1957 ita
605 1927 645 1956 vt
680 1917 722 1957 sit
755 1914 1013 1965 BC:DF‚
1050 1923 1087 1954 et
1119 1911 1380 1967 B1):FC;
1417 1914 1461 1963 (ss
1493 1915 1675 1955 nimirum
1710 1925 1828 1966 angu-

519 1981 585 2021 stia
618 1981 695 2021 tubi
728 1982 865 2035 vbique
896 1980 962 2022 fibi
994 1978 1154 2032 aequalis
1188 1978 1241 2018 est
1263 2009 1272 2027 ,
1323 1978 1423 2032 quod
1457 1980 1501 2019 ad
1534 1978 1672 2019 fficilius
1715 1977 1829 2018 intel-

521 2045 717 2098 ligendum
752 2046 1059 2099 experimentum
1095 2042 1382 2097 supponimus)·
1450 2043 1490 2083 Si
1528 2042 1735 2083 extraxeris
1767 2050 1829 2081 tu-

522 2109 637 2159 bum,
681 2123 773 2162 aqua
806 2111 940 2150 iterum
975 2108 1194 2161 nicaenam,
1237 2108 1358 2149 donec
1391 2108 1436 2148 ad
1470 2108 1668 2163 pristinam
1701 2105 1831 2147 altitu-

519 2174 650 2216 dinem
685 2172 764 2216 BC
801 2174 1027 2230 peruenerit.

1786 2232 1828 2278 Si
