2014 2761
494 171 582 211 266
702 159 791 209 DE
826 157 927 209 MV
928 157 1255 208 TATIONIBV
1252 157 1285 206 S
1318 158 1574 209 CALORIS

638 285 739 344 Quia
772 285 875 327 idem
910 297 1025 339 aquae
1056 284 1160 326 calor
1193 286 1381 340 persistit,
1429 287 1551 326 donec
1584 284 1714 327 fluuius
1745 286 1795 330 ab

483 350 595 391 omni
629 351 750 404 glacie
783 351 978 391 liberatur:
1014 349 1198 403 sequitur,
1235 351 1360 390 fallam
1397 351 1450 392 est
1484 351 1713 405 hypothesin
1745 353 1798 393 il·-

479 416 635 467 lorum,
672 417 735 470 qui
763 417 953 456 rationem
981 415 1138 455 reddere
1166 414 1389 469 latagentes,
1427 429 1540 469 quare
1559 417 1674 456 loluta
1701 415 1799 467 hye-

483 493 576 531 me,
624 481 763 533 glacies
783 511 794 530 ‚
845 480 948 520 cuius
979 479 1137 520 altitudo
1172 481 1219 520 ad
1255 482 1347 520 duos
1382 492 1503 521 tresve
1538 483 1650 535 pede*
1681 492 1801 534 Vsque

483 556 725 593 excreuerat,
766 544 959 586 Mensibus
978 544 1126 585 Martio
1143 554 1181 585 et
1203 546 1330 599 Aprili
1360 546 1512 586 tandem
1542 547 1731 586 minuatur
1760 553 1799 586 et

479 610 619 663 fragilis
647 606 741 650 fiat?
776 610 939 651 caussam
967 610 1132 663 allegare
1159 609 1321 655 soleant,
1357 611 1462 651 illam
1487 613 1563 651 iam
1587 624 1683 650 nunc
1704 623 1800 651 con-

479 674 576 718 sumi
610 685 691 716 tam
724 674 876 729 superne
911 688 1024 729 quam
1059 675 1224 724 inferne,
1258 676 1412 728 superne
1443 687 1599 729 propter
1625 676 1800 716 ae'tiuita.

479 750 563 782 tem
598 740 704 790 solis,
740 740 902 789 inferne,
939 741 1042 792 quod
1074 752 1166 793 aqua
1194 739 1350 779 calidior
1378 740 1539 792 glaciem
1575 740 1805 792 liquefacian

483 807 538 848 At
559 818 650 845 vero
678 819 772 859 aqua
799 804 946 858 semper
974 817 1088 857 aeque
1119 804 1251 857 frigida
1282 814 1434 853 manet,
1473 804 1566 844 nihil
1595 805 1705 857 igitur
1731 804 1802 845 de-

483 873 583 912 cedit
617 871 749 924 glaciei
784 871 877 910 dum
911 881 1027 922 aquae
1059 870 1236 917 accubat,
1277 869 1342 909 nisi
1375 880 1443 921 per
1476 879 1629 910 motum
1665 878 1703 909 et
1737 868 1803 910 fri-

485 937 684 983 ctionem,
723 934 778 973 vti
812 933 1042 986 experientia
1076 932 1329 986 comprobat„
1417 931 1525 973 Nam
1561 934 1588 973 si
1625 934 1802 974 foramen

487 999 696 1043 rotundum
731 999 769 1037 in
805 997 966 1051 glaciem
1001 997 1202 1048 inciditur,
1246 997 1341 1037 illius
1376 1008 1444 1037 ora
1476 997 1651 1045 inferior,
1686 1010 1802 1050 quam

488 1077 582 1118 aqua
618 1063 775 1111 lambit,
811 1062 965 1102 succeffu
1003 1063 1187 1116 temporis
1222 1062 1374 1116 obliqua
1405 1061 1473 1111 fit,
1506 1062 1711 1102 secundum
1742 1062 1804 1101 di·-

487 1130 701 1170 rectionem
736 1140 852 1180 aquae
886 1127 1046 1167 fluentis.
1134 1127 1266 1168 Motus
1298 1137 1425 1168 autem
1460 1139 1575 1180 aquae
1608 1135 1646 1165 et
1676 1126 1804 1166 frictio

488 1206 568 1235 non
604 1192 686 1234 solis
720 1191 904 1233 mensibus
939 1192 1078 1240 dietis,
1131 1191 1191 1234 sed
1222 1201 1308 1232 tota.
1333 1191 1480 1243 hyeme
1511 1191 1641 1231 locum
1675 1189 1803 1230 habet.

490 1262 529 1301 A
564 1257 729 1296 radiante
765 1256 878 1308 igitur
911 1254 1002 1296 Sole
1035 1265 1072 1295 et
1104 1268 1191 1296 aete
1224 1256 1434 1309 tepidiore,
1478 1256 1539 1297 vzel
1568 1265 1605 1296 et
1630 1268 1651 1295 a
1677 1255 1807 1310 pluuia

489 1322 666 1364 calidiore
704 1332 743 1363 et
774 1321 924 1376 copiola
957 1321 1088 1362 omnia
1126 1321 1236 1363 vnice
1271 1320 1499 1377 dependent.

643 1421 807 1477 Quando
850 1421 1142 1460 instrumentum
1177 1433 1227 1460 ex
1261 1433 1356 1473 aqua
1399 1419 1691 1469 extrahebatur,
1745 1429 1808 1458 ros

490 1498 624 1540 aqueus
656 1485 829 1535 cylindro
867 1486 990 1524 witi-co
1034 1484 1240 1524 adhaerens
1281 1484 1403 1523 statim
1441 1485 1478 1522 in
1512 1484 1675 1537 glaciem
1711 1495 1808 1523 con-

490 1550 608 1591 uersus
642 1550 732 1598 mit,
767 1550 946 1602 qnanniiu
976 1550 1067 1588 acris
1095 1549 1200 1588 calor
1230 1549 1384 1589 inferior
1411 1558 1491 1588 erat
1516 1548 1643 1588 calore
1673 1560 1802 1602 aquae.

491 1615 554 1656 Illi
589 1616 698 1667 igitur
721 1644 730 1661 ‚
778 1615 839 1666 qui
872 1615 910 1652 in
944 1612 1042 1652 hince
1077 1613 1321 1666 regionibns,
1362 1615 1507 1667 rigente
1544 1613 1708 1662 bruma,
1755 1624 1806 1654 ex

491 1680 630 1721 balneis
662 1676 891 1717 calidiliiinis
915 1709 924 1726 ‚
978 1689 1076 1718 mox
1109 1678 1147 1716 in
1181 1677 1346 1718 fluminis
1380 1691 1515 1731 aquam
1550 1676 1611 1716 lub
1643 1677 1807 1729 glaciem

491 1745 525 1786 se
566 1744 812 1798 praecipitare
857 1742 1003 1782 solent:
1057 1752 1199 1782 tantam
1243 1744 1500 1782 mutationem
1544 1742 1697 1795 corpori
1743 1741 1809 1782 suo

494 1823 571 1851 non
608 1808 811 1856 inducunt,
849 1820 963 1861 quam
996 1808 1059 1861 qui
1090 1807 1319 1848 immediate
1356 1820 1404 1847 ex
1435 1806 1572 1847 balneo
1605 1807 1644 1847 in
1676 1818 1807 1849 acrem

491 1875 655 1916 liberum
691 1872 723 1912 se
757 1873 963 1913 conferunt⁰

644 1972 847 2026 Postquam
883 1985 972 2027 aqna
1007 1970 1126 2024 glacie
1161 1971 1312 2014 liberata
1347 1981 1445 2023 erat,
1489 1982 1532 2014 *vt
1564 1973 1658 2014 liber
1691 1974 1811 2014 aditus

494 2038 569 2079 aeri
606 2048 774 2089 pateret,
810 2039 914 2078 calor
947 2049 1061 2088 aquae
1094 2038 1293 2078 increscere
1327 2040 1478 2092 coepit,
1512 2040 1565 2077 ita
1602 2049 1644 2077 vt
1681 2039 1810 2089 primo

497 2103 591 2144 Maii
633 2103 692 2141 die
730 2103 934 2142 mercurius
966 2101 1011 2141 ad
1044 2103 1201 2153 gradum
1248 2108 1349 2153 148.
1386 2102 1606 2142 ascenderet.
1678 2099 1809 2140 Diffe-

494 2169 618 2211 renna
658 2166 770 2220 igitur
813 2177 893 2208 erat
925 2167 1022 2209 intra
1054 2167 1146 2208 duas
1180 2167 1469 2218 hebdomadaS,
1523 2181 1566 2217 4.
1603 2166 1803 2219 graduum.

1646 2230 1806 2271 factum
