2014 2761
380 161 826 213 COGITATIONES
861 160 1368 216 PHYSIOLOGICAE.
1435 182 1524 226 325

247 292 305 343 1.)
339 288 469 331 Patere
501 288 608 330 viam
641 288 806 343 sanguini
840 301 890 330 ex
922 297 1081 344 vtraque
1114 303 1206 331 caua
1239 299 1320 332 tam
1354 292 1393 333 in
1429 294 1532 336 auri-

358 355 483 397 culam
519 354 697 396 dextram
734 366 850 408 quam
883 355 1136 397 ventriculum
1171 356 1341 398 eiusdem
1375 358 1529 414 lateris;

359 431 399 461 et
431 430 558 474 patere
593 420 697 461 viam
730 432 781 460 ex
809 431 906 459 vena
939 420 1153 474 pulmonali
1183 422 1224 462 in
1259 422 1469 466 auriculam
1494 432 1534 467 et

359 484 612 526 ventriculum
646 485 771 524 lateris
802 484 949 526 sinistri.

246 566 308 613 2.)
340 558 540 613 Sanguinis
571 568 727 599 motum
760 558 798 598 in
833 568 931 598 vena
963 571 1054 600 caua
1086 559 1265 601 inferiore
1297 562 1372 604 effe
1404 564 1534 608 lentis-

356 626 510 667 simum.

241 694 303 744 3.)
342 690 576 743 Sanguinem
598 689 636 728 in
656 701 752 729 vena
771 700 861 728 caua
881 687 1074 742 superiore
1104 689 1354 733 indesinenter
1380 691 1532 735 descen..

356 756 437 798 sum
472 764 511 794 et
535 753 679 808 laplum
708 763 770 794 aut
796 754 835 792 in
860 753 1070 795 auriculam
1096 765 1159 795 aut
1186 756 1225 795 in
1247 758 1531 814 ventriculum,

357 834 427 876 qua
463 819 524 860 via
557 828 682 872 patet,
716 818 908 859 affectare.

237 901 306 950 4.)
341 893 538 947 Sanguinis
570 890 820 931 descendentis
851 899 1009 931 motum
1046 891 1119 932 effe
1153 893 1308 946 quidem
1342 897 1530 939 accelera-

352 970 433 1001 tum
457 989 467 1007 ,
513 957 571 997 sed
610 967 743 998 tamen
779 956 832 997 ob
868 956 1092 998 breuitatem
1131 959 1320 1012 temporis
1352 973 1426 1014 pro
1461 975 1529 1003 ae·-

352 1023 493 1079 quabili
527 1021 745 1062 habendum
781 1021 882 1076 effe3
918 1021 1008 1062 hinc
1038 1021 1185 1064 nullam
1212 1024 1297 1066 vim
1325 1025 1361 1066 ei
1389 1025 1527 1081 ineffe,

348 1089 414 1130 nisi
449 1086 680 1142 prelllonem
716 1100 737 1127 a
768 1087 953 1141 grauitate
986 1096 1131 1129 ortam.

240 1167 298 1219 5.)
333 1161 564 1217 Sanguinem
600 1162 639 1202 in
672 1172 792 1202 venae
827 1161 1062 1216 pulmonalis
1091 1162 1208 1203 ramis
1239 1162 1333 1214 illis,
1375 1164 1440 1218 qui
1473 1175 1527 1208 ex

353 1227 601 1283 superioribus
644 1227 877 1280 pulmonum
922 1227 1088 1280 partibus
1120 1227 1242 1268 versus
1273 1241 1340 1268 cor
1372 1228 1526 1270 descen--

351 1294 468 1343 dunt,
505 1291 673 1334 fimilem
703 1293 925 1331 continuam
953 1291 1187 1346 pressionem
1208 1301 1248 1332 et
1265 1302 1422 1336 motum
1450 1306 1525 1339 ex-

346 1369 472 1399 ercere
506 1358 548 1397 vi
578 1355 770 1410 grauitatis
805 1356 899 1396 suae,

229 1437 301 1490 6.)
328 1434 562 1476 Pulmonem
595 1431 636 1470 in
669 1438 851 1486 perpetua
887 1429 1039 1471 afflone
1071 1438 1112 1470 et
1138 1430 1347 1473 voluminis
1372 1432 1423 1475 sui
1450 1443 1531 1492 vag

345 1499 508 1541 riatione
543 1495 631 1538 else.

232 1576 295 1627 7.)
329 1569 560 1626 Sanguinem
588 1581 637 1610 ex
662 1581 757 1610 vena
786 1568 1002 1625 pulmonali
1029 1570 1068 1610 in
1095 1569 1302 1612 auriculam
1330 1571 1518 1616 sinistram

348 1647 387 1678 et
420 1634 672 1678 ventriculum
715 1647 793 1675 non
836 1635 913 1676 sola
955 1634 1141 1688 preffione
1175 1648 1196 1675 a
1231 1637 1413 1689 grauitate
1456 1637 1519 1678 sua

348 1711 453 1752 orta,
485 1701 609 1742 illabi:
657 1699 718 1739 sed
750 1700 901 1754 impetu
934 1709 1125 1754 concepto
1157 1711 1207 1741 ex
1239 1701 1393 1748 actione
1425 1701 1517 1757 pul·-

349 1779 536 1815 monum,
574 1777 616 1806 vi
648 1777 734 1805 viua
766 1777 917 1806 1rruere.

239 1843 299 1894 8.)
332 1837 528 1894 Sanguinis
555 1848 711 1880 motum
739 1839 885 1881 nullam
913 1839 990 1894 pati
1009 1851 1189 1889 moram,
1224 1838 1420 1883 ac‘tionem
1441 1840 1517 1896 igi-

351 1915 412 1946 tur
445 1904 702 1959 potentiarum
737 1917 814 1945 non
845 1905 984 1946 debere
1016 1905 1152 1947 officio
1185 1904 1249 1945 suo
1277 1906 1419 1958 deesse,
1453 1906 1514 1948 sed

352 1969 569 2010 indefessam
595 1968 806 2011 continuari
834 1971 1074 2026 temporibus
1102 1980 1141 2012 et
1167 1969 1363 2023 rhythmis
1390 1973 1518 2013 deter-

353 2044 516 2076 mlssssUS.

231 2102 291 2157 9.)
324 2098 372 2142 In
399 2098 609 2141 ventriculis
635 2108 674 2140 et
703 2099 870 2141 auriculis
894 2100 979 2156 post
1006 2100 1187 2154 systolem
1216 2100 1319 2144 suam
1349 2112 1512 2144 vacuum

348 2166 506 2212 existere
537 2165 707 2222 respectu
743 2167 854 2210 totius
884 2169 1099 2224 capacitatis
1130 2167 1224 2210 suae„
1428 2226 1463 2270 L

1308 2231 1397 2280 10.)
1467 2237 1512 2289 a:
