2014 2761
338 609 443 647 figura
455 618 479 638 1.

522 221 612 251 102
732 205 1072 253 METHODVS
1117 206 1266 250 ΝΟῙἏ
1312 206 1388 249 ΕΤ
1431 206 1664 251 FACILIS

518 333 629 379 tum,
667 340 718 368 eo
751 327 858 380 quod
892 325 967 366 hae
1002 325 1086 365 sunt
1118 325 1221 364 inter
1250 323 1286 362 se
1321 322 1550 363 isochronne
1570 323 1711 363 tamin
1730 336 1829 376 pen-

515 389 611 429 dulo
643 393 833 446 simplici,
869 402 987 443 quam
1022 391 1062 428 in
1082 399 1251 440 corpore
1272 400 1519 439 quocunque:
1540 400 1631 427 cum
1659 388 1830 428 maiores

519 453 785 496 oscillationes
817 467 908 494 cum
943 451 1115 506 pendulo
1157 450 1327 505 iimplici
1377 449 1566 490 rarissime
1607 452 1831 504 comparari

521 530 678 572 queant.

641 611 678 658 ξ.
720 620 757 656 8.
798 612 861 656 Sit
896 625 991 666 ergo
1027 612 1126 654 OM
1163 609 1380 666 pendulum
1414 609 1583 665 simplex
1616 612 1654 651 in
1684 611 1724 653 O
1753 612 1833 653 sus-

521 680 683 735 pensum
720 689 759 720 et
794 681 833 719 in
874 679 921 719 M
957 678 1104 717 habens
1139 676 1289 729 pondus
1321 675 1554 728 alligatum,
1588 678 1695 717 cuius
1716 679 1833 717 rnaffi

521 747 569 785 sit
603 746 667 786 M.
746 742 936 784 Declinet
965 742 1041 781 hoc
1069 740 1282 794 pendulum
1310 752 1332 779 a
1358 739 1452 778 statu
1471 741 1609 792 quietis
1638 741 1698 780 seu
1727 741 1834 782 resta

526 808 704 849 verticali
738 807 827 848 OA
862 806 1009 860 angulo
1029 805 1180 846 infinite
1215 816 1339 858 paruo
1371 802 1546 855 AOM,
1580 805 1633 844 ita
1659 814 1704 844 vt
1722 817 1837 845 arcu—

522 873 581 915 lus
614 873 713 917 MA
733 885 806 927 pro
826 872 929 912 resta
964 870 1208 911 horizontali
1245 868 1380 909 haberi
1418 878 1557 922 queat·⁷
1595 878 1836 923 voceturque

523 938 733 991 longitudo
776 936 889 976 huius
934 935 1093 989 penduli
1128 932 1343 989 OM:f;
1387 942 1428 972 et
1476 932 1686 986 spatiolum
1732 933 1833 974 AM

523 1003 685 1056 corpori
716 1000 762 1042 M
786 1000 1116 1054 percurrendum,
1152 999 1279 1039 donec
1315 998 1356 1036 in
1389 997 1528 1037 statum
1568 998 1708 1050 quietis
1741 1011 1835 1051 per-

524 1066 769 1107 ueniatzk.
834 1065 907 1105 Vis
934 1065 1132 1118 grauitatis
1161 1075 1308 1117 porro,
1345 1075 1444 1115 quae
1474 1074 1618 1115 corpus
1647 1061 1692 1102 M
1714 1063 1838 1103 deor-

525 1129 606 1171 sum
644 1139 784 1184 viget,
829 1140 1013 1183 aequatur
1057 1129 1170 1182 ipsius
1210 1127 1379 1181 ponderi
1424 1126 1484 1167 seu
1526 1126 1599 1180 ipsi
1635 1126 1699 1167 M.
1765 1126 1834 1166 Ex

525 1194 599 1236 hac
635 1208 733 1236 vero
773 1206 840 1248 per
869 1193 1148 1234 resolutionem
1183 1193 1311 1232 oritur
1344 1191 1404 1230 vis
1422 1203 1564 1244 corpus
1589 1189 1715 1231 =versus
1736 1190 1835 1231 MA

528 1279 731 1319 vrgens:
749 1255 911 1318 “gf-:-
923 1253 1020 1318 AJK—¹⁸¹
1034 1297 1044 1315 ,
1074 1279 1124 1305 z:
1137 1251 1204 1324 ”⁴7¹2
1239 1264 1345 1304 fae'to
1377 1261 1573 1314 triangulo
1615 1261 1664 1302 M
1678 1274 1749 1302 am
1784 1262 1838 1304 fi-

529 1332 619 1372 mili
656 1329 854 1384 triangulo
888 1327 1053 1371 OAM„

646 1429 679 1475 ξ.
718 1441 760 1476 9.
793 1426 970 1465 Ponatur
1021 1422 1119 1462 haec
1161 1423 1220 1461 vis
1262 1420 1475 1462 sollicitans
1518 1435 1660 1476 corpus
1696 1421 1742 1463 M
1778 1419 1841 1460 se-

530 1498 702 1540 cundum
738 1496 957 1548 MA:g;
1004 1496 1079 1534 erit
1110 1478 1320 1553 gzfflJk,
1365 1494 1465 1534 vnde
1509 1497 1635 1536 oritur
1698 1479 1833 1554 ΞΜ-ὃιε·

530 1563 574 1607 Si
610 1563 725 1617 igitur
758 1573 901 1614 corpus
934 1559 981 1600 M
1016 1558 1225 1599 secundum
1259 1559 1520 1600 dii-ostionem
1562 1560 1661 1601 MA
1696 1572 1839 1612 x'rgea-

532 1639 595 1670 tur
631 1628 671 1668 vi
697 1640 752 1680 g,
793 1626 908 1679 eique
949 1624 1256 1678 percurrendum
1307 1623 1351 1665 fit
1401 1624 1567 1678 spatium
1612 1623 1839 1676 MAzk,

533 1695 659 1735 donec
695 1693 735 1731 in
770 1690 908 1731 statum
929 1689 1069 1743 quietis
1090 1688 1314 1742 perueniat·⁷
1354 1689 1428 1729 erit
1463 1699 1645 1743 tempus,
1681 1702 1757 1742 quo
1786 1699 1838 1727 ex

533 1758 578 1800 M
602 1758 642 1797 in
663 1756 700 1796 A
723 1755 924 1809 peruenit,
956 1753 1116 1807 aequale
1150 1754 1323 1806 tempori
1349 1752 1547 1794 descensus
1569 1754 1724 1807 penduli
1746 1752 1840 1792 lon-

533 1828 718 1885 gitudinis
749 1812 831 1888 {33
876 1826 900 1867 fi
933 1823 1093 1880 quidem
1143 1825 1238 1864 dum
1272 1836 1415 1878 corpus
1448 1839 1520 1880 per
1552 1825 1840 1875 MAincedit‚

535 1896 596 1936 vis
628 1893 675 1934 ad
708 1893 747 1933 A
782 1901 925 1945 vrgens
957 1889 1266 1945 proportionalis
1299 1888 1412 1930 fuerit
1445 1891 1645 1932 distantiae
1668 1942 1671 1944 q
1691 1901 1840 1944 corpo-

537 1959 589 2001 ris
624 1957 672 1997 ab
704 1957 756 1997 A.

653 2023 689 2071 ξ.
733 2041 802 2072 10.
840 2029 908 2070 Ex
941 2028 1002 2071 his
1021 2040 1118 2081 ergo
1139 2028 1392 2083 perspicitur,
1428 2029 1658 2084 quomodo,
1679 2028 1704 2068 si
1723 2028 1837 2067 detur

537 2094 659 2135 maffa
702 2094 880 2147 corporis
921 2104 961 2134 et
994 2095 1057 2135 via
1102 2094 1355 2147 percurrenda
1399 2104 1514 2148 atque
1555 2094 1618 2132 vis
1658 2090 1841 2145 corporis

536 2158 745 2201 secundum
777 2157 881 2200 hanc
924 2160 1034 2202 viam
1075 2158 1311 2212 sollicitans,
1355 2159 1522 2202 inueniri
1565 2157 1702 2198 debeat
1743 2155 1838 2195 lon-

1701 2220 1837 2273 gitudo
