2014 2761
488 192 581 233 με
661 170 751 218 DE
782 166 1246 218 CIRCVLATIONE
1281 166 1614 217 SANGVtms

486 297 587 338 rium
621 295 745 336 cordis
766 325 778 348 ,
830 306 925 348 quae
960 293 1000 334 in
1034 294 1176 334 arteriis
1216 292 1406 334 dilatandis
1449 290 1720 346 impenduntur
1754 306 1796 335 ac

487 360 766 402 consumuntur.
834 359 900 399 Ex
933 357 1069 398 effectu
1103 367 1256 408 autem,
1299 358 1328 398 fi
1358 357 1421 397 illa
1454 356 1630 397 concludi
1663 356 1797 408 debet,

487 426 690 466 dicendum
722 424 777 464 est
807 424 847 464 in
882 435 1019 476 genere
1044 438 1052 462 ε
1097 424 1181 464 vim
1216 423 1437 464 arteriarum
1470 420 1540 462 sese
1577 419 1802 462 contrahen-

487 491 585 530 tium
619 499 766 530 taatam
795 487 888 538 effe,
923 496 966 528 vt
997 488 1127 542 portio
1158 487 1338 541 sanguinis
1369 500 1437 542 per
1468 485 1647 538 systolem
1681 485 1806 527 cordis

487 556 526 595 in
561 553 657 608 ipsas
691 553 824 594 intrusa
856 553 992 593 denuoi
1024 553 1196 595 terminis
1236 553 1306 593 fiiis
1341 553 1535 601 eiiciatur,
1595 560 1801 606 antequam

487 619 625 672 systole
657 619 828 673 sequente
855 630 954 658 noua
981 630 1102 658 nouus
1129 629 1277 671 quoque
1305 617 1445 670 fimguis
1474 617 1664 669 irrumpat.
1738 615 1805 657 Ad

488 685 591 740 quod
614 683 814 740 problema
834 682 990 723 strictius
1012 682 1232 723 soluendum
1252 691 1406 736 oportet
1425 681 1553 730 noffe,
1599 684 1657 728 1.)
1686 693 1808 733 quan-

490 759 528 791 ta
562 750 605 791 sit
637 748 754 790 mass‘a
787 743 1018 789 mouenda?
1064 759 1160 801 quae
1191 759 1264 801 pro
1308 746 1516 800 capacitate
1557 745 1804 796 arteriarum,

490 824 529 856 et
561 827 633 870 pro
663 812 869 868 hypothesi
902 812 1020 867 pulsus
1045 812 1149 852 varia
1182 810 1254 852 effe
1293 810 1432 865 potest.
1505 812 1563 862 2.)
1597 809 1685 866 Qua
1703 809 1808 849 cele-

492 881 599 920 ritate
636 888 764 920 motus
799 873 895 918 fiat?
932 890 1025 930 quae
1051 876 1228 931 quidem,
1261 875 1431 930 quamuis
1458 874 1592 915 itidem
1623 875 1727 915 varia
1755 873 1808 915 est

491 957 563 999 pro
599 944 747 984 ratione
779 941 1066 982 interuallorum
1099 940 1284 994 temporis
1316 940 1413 979 inter
1445 939 1533 978 duas
1565 937 1806 992 pulsationes,

493 1010 532 1049 in
568 1007 643 1048 hoc
677 1018 807 1047 tamen
842 1005 1015 1046 constans
1049 1004 1104 1045 est
1125 1036 1136 1057 ,
1189 1014 1233 1045 vt
1265 1005 1415 1057 semper
1449 1003 1655 1044 dimidium
1689 1003 1808 1042 inter-

492 1072 583 1114 ualli
619 1083 770 1125 tempus
802 1071 1021 1123 receptione
1053 1069 1258 1122 singulius,
1302 1068 1468 1109 alterum
1501 1067 1705 1107 dimidium
1743 1078 1810 1106 ex-

494 1136 664 1192 pulsione
698 1135 798 1176 illius
836 1133 1006 1175 consumi
1047 1133 1147 1174 licite
1180 1133 1447 1187 supponamus
1545 1132 1620 1171 Via
1656 1140 1810 1180 autem,

496 1213 611 1256 quam
646 1200 761 1240 massa
797 1208 905 1240 mota
940 1199 1141 1248 emetitur,
1187 1199 1327 1252 partim
1363 1212 1384 1238 a
1417 1195 1563 1246 modo,
1607 1208 1684 1249 quo
1716 1208 1811 1235 con-

495 1265 633 1306 tractio
667 1264 822 1305 arteriae
854 1273 963 1317 atque
995 1262 1177 1316 sanguinis
1208 1263 1347 1303 eiectio
1374 1261 1439 1313 fit,
1475 1262 1616 1314 partim
1644 1274 1665 1300 a
1694 1273 1812 1313 quan-

497 1331 603 1370 titate
639 1329 818 1383 sanguinis
852 1329 939 1369 astu
972 1328 1187 1382 expellendi
1223 1321 1276 1377 (ξ.
1296 1329 1413 1377 56),
1450 1328 1588 1379 partim
1623 1324 1670 1365 ab
1703 1324 1813 1366 orifi-

498 1396 671 1444 ciorum,
715 1406 784 1448 per
814 1405 908 1448 quae
940 1394 1043 1444 exit,
1080 1393 1346 1432 constitutione
1381 1389 1695 1430 deriuaridebet.

617 1518 656 1565 ὅ.
693 1527 768 1563 68.
835 1521 945 1562 Haud
977 1519 1135 1561 difficile
1168 1520 1265 1561 soret
1287 1550 1297 1570 ‚
1350 1519 1396 1560 ad
1429 1518 1563 1560 melius
1595 1517 1812 1572 intelligen-

502 1590 595 1631 dum
623 1601 690 1638 ea,
725 1600 817 1642 quae
849 1585 1084 1641 paragrapho
1110 1585 1348 1625 antecedente
1376 1584 1564 1633 diximus,
1601 1584 1732 1623 omnia
1752 1596 1810 1633 ea,

502 1667 595 1708 quae
629 1654 674 1693 de
708 1652 948 1693 similitudine
981 1650 1149 1703 tiphonis
1177 1644 1239 1695 (ξ.
1258 1652 1441 1700 22.23.)
1469 1649 1722 1688 commentati
1755 1648 1814 1687 su-

503 1731 616 1768 mus,
663 1717 709 1757 ad
743 1717 938 1756 :ustionem
974 1715 1190 1755 arteriarum
1224 1714 1426 1768 applicare.
1515 1712 1590 1752 Sed
1624 1713 1694 1752 alia
1731 1713 1814 1752 suc-

501 1784 614 1824 currit
650 1782 855 1822 methodus
876 1812 886 1831 ,
929 1793 1021 1834 quae
1054 1778 1295 1833 expxscandae
1330 1777 1520 1817 mensurae
1554 1779 1696 1817 virium
1730 1787 1811 1821 tam

502 1849 623 1889 cordis
658 1861 772 1901 quam
810 1847 1033 1886 arteriarum
1066 1844 1239 1898 apprime
1270 1844 1389 1892 fauet,
1432 1852 1471 1882 et
1502 1856 1594 1896 quae
1628 1843 1667 1882 in
1701 1842 1813 1882 omni

503 1914 583 1953 casu
617 1912 783 1952 adhiberi
817 1911 963 1964 potest,
1001 1909 1074 1950 siue
1107 1909 1255 1948 arterias
1287 1907 1399 1948 simul
1431 1920 1590 1960 omnes,
1627 1907 1699 1948 siue
1735 1906 1814 1946 suc-

507 1976 642 2016 ceffiue
680 1970 815 2023 (§.62
847 1980 860 2025 >
895 1986 1006 2028 agere
1042 1973 1275 2027 supposueris.
1377 1972 1568 2012 Videlicet
1601 1972 1691 2012 loco
1723 1970 1813 2011 παῦε

504 2040 692 2088 arteriosi‚
727 2041 889 2087 clastici‚
923 2038 1119 2078 dilatabilis
1154 2038 1253 2091 finge
1286 2049 1352 2078 vas
1385 2036 1573 2090 rigidum,
1609 2046 1648 2074 et
1679 2047 1717 2073 in
1751 2034 1813 2074 lo-

506 2118 595 2146 cum
633 2105 760 2155 fluidi,
795 2103 985 2144 soliditatis
1012 2102 1174 2156 speciem
1203 2104 1299 2143 intra
1328 2102 1499 2142 canalem
1528 2098 1709 2139 induentis
1735 2099 1813 2138 im-

505 2169 764 2226 penetrabilis,
799 2168 971 2225 suppone
1005 2168 1165 2210 fluidum
1198 2167 1404 2210 elasticum.
1470 2164 1527 2211 Sit
1558 2177 1621 2205 vas
1653 2163 1813 2219 plenum

1707 2227 1813 2269 clau-
