2014 2761
363 161 804 212 COGITATIONES
840 165 1338 214 PHYSIOLOGICAE.
1413 185 1435 223 3
1449 184 1465 210 Ι
1480 183 1498 210 1

195 290 372 343 dilatant3
411 289 512 344 quod
549 301 668 330 omne
700 289 746 330 de
781 288 918 343 reliqua
952 289 1165 343 pyramidis
1197 291 1398 344 portione,
1438 304 1509 332 ve-

194 370 280 398 rum
315 355 387 395 effe
419 356 628 409 putandum
664 355 729 395 est.
835 354 939 395 Haec
973 365 1100 396 autem
1135 355 1305 396 dilatatio
1347 357 1506 396 laterum

197 432 327 462 nortae
361 430 441 460 tam
474 421 535 461 diu
567 422 703 470 durat,
759 420 881 460 donec
922 429 983 460 aut
1017 421 1074 461 vis
1118 422 1298 474 [anguinis
1341 423 1511 461 irruentis

196 487 272 541 ipla
315 487 539 534 minuatur,
595 494 658 525 aut
696 494 802 524 aorta
842 485 1064 525 vlteriorem
1110 487 1387 539 expansionem
1431 499 1509 526 non

196 552 312 601 ferat,
348 550 408 590 sed
433 549 573 589 elatere
600 549 663 588 suo
688 547 852 601 speciem
881 550 1073 601 rigiditatis
1092 550 1240 599 induat,
1278 563 1340 591 aut
1359 561 1512 592 vtrum-

196 630 268 671 que
301 615 389 665 fiat,
424 623 462 653 et
496 613 726 668 proiectioni
760 612 939 668 sanguinis
971 615 1153 654 terminus
1185 614 1331 668 figatur.

316 716 349 764 ξ.
391 725 465 763 55.
534 711 646 753 Missa
679 719 807 752 autem
841 713 906 753 ista
939 713 1256 765 consideratione,
1299 714 1420 769 aliqua
1455 723 1514 755 et-

194 780 278 821 iam
321 778 596 833 ponderatione
636 788 732 829 opus
764 777 816 818 est
854 777 964 819 moles
985 774 1183 832 sanguinis
1214 780 1348 834 quantis
1368 776 1507 835 sistole

198 857 221 885 e
249 845 360 884 corde
385 839 556 897 proiech.
624 841 796 894 Plerique
823 842 1018 897 scriptores
1043 844 1284 897 physiologi,
1318 846 1415 885 circa
1442 845 1514 884 de-

199 910 512 948 terminationem
542 905 681 945 virium
709 906 832 946 cordis
858 908 1054 960 occupati,
1088 909 1339 961 quantitatem
1369 910 1515 963 langui-

196 974 253 1014 nis
286 974 324 1012 in
359 971 566 1011 ventriculo
604 972 771 1011 contenti
802 981 841 1012 et
873 973 987 1012 eiecti
1019 985 1136 1012 vnam
1179 974 1415 1028 eandemque
1449 988 1515 1014 au-

198 1037 327 1078 dacter
360 1037 543 1086 statuunt,
587 1045 624 1075 et
658 1037 696 1077 in
733 1036 882 1077 calculis
915 1039 979 1078 {uis
1011 1040 1166 1078 vnciam
1202 1039 1267 1079 vel
1300 1052 1418 1079 vnam
1453 1038 1515 1079 vel

199 1103 289 1142 duas
329 1100 505 1141 adhibent
526 1132 536 1152 ‚
592 1111 630 1141 et
663 1101 751 1142 hinc
783 1103 1010 1143 ventriculos
1054 1105 1221 1144 totaliter
1264 1104 1409 1158 depleri
1452 1113 1517 1144 aut

198 1177 328 1221 aperte
359 1165 586 1216 affirmant,
640 1177 703 1207 aut
735 1168 845 1207 tacite
878 1169 1108 1221 supponunt.
1180 1170 1235 1209 At
1267 1182 1361 1209 vcro
1398 1169 1517 1208 fateor

200 1232 301 1273 mihi
334 1231 467 1270 omnia
500 1230 661 1283 suspecta
695 1233 816 1272 videri
851 1243 890 1272 et
922 1233 1061 1282 dubia,
1109 1246 1201 1285 quae
1236 1234 1273 1272 in
1307 1233 1518 1273 isturmodi

198 1298 311 1338 rebus
343 1296 514 1335 noudum
547 1296 625 1334 satis
661 1297 861 1350 expositis,
896 1297 1029 1350 absque
1063 1297 1441 1338 demontu-itionibus
1473 1310 1517 1337 ac

197 1361 372 1417 precario
405 1373 475 1414 pro
509 1361 724 1401 veritatibus
757 1361 1006 1401 stabiliuntur.
1095 1362 1234 1402 Nemo
1267 1364 1379 1415 igitur
1414 1363 1517 1403 vitio

199 1425 299 1468 mihi
332 1434 452 1464 vertet
472 1456 482 1474 ‚
519 1424 546 1463 fi
579 1424 807 1476 hypothesin
842 1425 950 1464 istam
974 1455 983 1472 ‚
1028 1438 1121 1477 quae
1155 1428 1402 1479 quantitatem
1438 1427 1520 1466 fim-

202 1491 322 1546 guinis
355 1489 467 1529 eiecti
501 1488 546 1528 ad
579 1489 830 1542 capicitatem
865 1489 1061 1529 ventriculi
1097 1490 1312 1541 mensurat,
1359 1490 1520 1531 falsitatis

204 1568 354 1610 arguere
389 1554 561 1595 audeam.
630 1553 726 1595 Nou
754 1566 876 1607 nego,
912 1567 1075 1594 omnem
1110 1555 1325 1609 sanguinem
1356 1556 1393 1595 in
1424 1569 1519 1595 ven-

206 1621 344 1662 triculo
382 1628 605 1660 contentum
636 1619 673 1658 in
704 1628 858 1659 motum
887 1619 977 1668 ciri,
1014 1619 1051 1659 id
1083 1621 1185 1659 enim
1217 1633 1267 1660 ex
1296 1630 1420 1660 natura
1460 1619 1520 1672 sy-

206 1685 316 1727 stoles
349 1686 597 1734 (§.20.22.)
633 1683 836 1723 necessario
868 1683 1058 1736 sequitur3
1107 1684 1163 1724 scd
1202 1685 1248 1725 de
1281 1697 1330 1723 eo
1363 1686 1519 1736 dubito,

205 1763 256 1792 cm
289 1751 402 1790 omnis
434 1749 494 1789 ille
517 1745 674 1802 sanguis
707 1751 826 1790 etiam
864 1750 977 1789 vnz'ca
1001 1745 1132 1804 systde
1165 1746 1464 1790 earemmvzeffur?

330 1841 365 1889 §-
407 1849 479 1895 56.
548 1845 740 1887 Nondum
772 1847 926 1901 quidem
963 1847 1064 1887 locus
1097 1848 1148 1887 est
1173 1879 1183 1895 ,
1233 1848 1418 1902 integram
1454 1849 1523 1889 de-

209 1911 526 1956 monstrationem
556 1912 740 1959 veritatis,
775 1925 1012 1966 quaecunque
1032 1914 1093 1953 illa
1113 1914 1273 1967 denique
1303 1914 1431 1963 luerit,
1461 1913 1522 1953 hic

208 1981 400 2020 intexere:
436 1977 522 2028 quia
542 1985 671 2015 tamen
692 1975 788 2015 nihil
806 1989 942 2017 eorum
969 1979 1007 2017 in
1029 1979 1105 2018 hoc
1124 1979 1246 2032 capite
1266 1979 1523 2018 omittendum

210 2043 343 2085 ceuleo
356 2073 365 2090 ‚
383 2053 475 2095 quae
496 2040 541 2080 ad
563 2039 775 2080 mensuram
797 2042 938 2082 virium
957 2045 1080 2083 cordis
1097 2043 1390 2097 quodammodo
1408 2043 1526 2084 facere

211 2109 387 2164 poffunt3
426 2105 567 2146 reliffis
597 2106 660 2153 iis,
696 2118 790 2159 quae
810 2106 857 2146 de
876 2108 1085 2150 intenlitate
1113 2108 1263 2149 illarum
1285 2110 1522 2159 (θήῃς.)

214 2174 315 2214 dieta
353 2171 427 2211 huc
470 2169 653 2212 transferri
698 2170 847 2227 pofi‘ent
869 2203 879 2224 ,
932 2175 1090 2216 vnicum
1137 2186 1386 2216 momentum
1428 2173 1526 2211 indi-

252 2235 360 2279 Tom.
373 2232 486 2279 VH.
915 2234 942 2284 S
961 2250 976 2279 s
1404 2236 1499 2276 cabo
1511 2261 1524 2288 ‚
