2014 2761
335 2198 434 2236 Figura
458 2204 504 2235 13.
525 2212 530 2218 -

525 227 615 277 316
696 217 781 263 DE
818 215 1273 264 CIRCVLATIONE
1307 214 1644 264 SANGVINIS

522 342 608 382 duas
641 354 798 395 capere,
833 341 972 382 nedum
1002 340 1039 379 in
1067 349 1214 380 aortam
1252 340 1417 380 traiicere
1450 348 1582 394 queat,
1619 346 1658 379 et
1686 351 1833 393 praete-

521 419 584 447 rea
617 421 638 447 a
670 419 759 447 vera
792 406 930 454 massa,
967 414 1104 459 quanta
1138 404 1382 458 probabiliter
1420 399 1599 455 (§,56.)
1633 406 1833 449 transfundi

520 471 668 525 potest,
706 470 958 510 vehementer
991 470 1156 510 differat:
1192 463 1286 509 haec
1319 471 1388 510 tria
1424 470 1627 510 necessario
1662 469 1748 509 inde
1781 470 1835 511 se-

520 545 710 589 quuntur:
746 533 828 577 Aut
860 535 963 575 enim
990 530 1114 590 pulJ‘its
1145 540 1182 574 et
1214 534 1389 575 dilatatio
1424 535 1657 575 arteriarum
1692 545 1760 574 non
1779 537 1835 584 fit

521 602 558 641 2'12
590 601 756 642 omnibus
789 600 945 641 arteriis
964 599 1097 655 fimus,
1137 605 1208 639 aut
1238 599 1324 640 idea
1348 595 1472 655 pisffm
1486 630 1496 649 ,
1530 599 1677 654 qualem
1703 597 1836 640 hacte-

519 677 588 706 nus
621 664 730 718 -ῑίιζιζθ
761 666 1010 720 concepimus,
1035 660 1144 722 faffcz
1174 664 1220 720 cst
1257 663 1377 720 idea,
1431 671 1497 707 aut
1533 663 1602 707 hoc
1635 671 1836 720 virumque

519 728 633 772 lot-um
669 728 797 772 habet.

638 864 671 910 ξ.
709 859 783 901 61.
838 856 987 910 Pulsus,
1022 858 1283 900 definientibus
1312 859 1364 900 ita
1399 860 1608 913 praecipuis
1641 859 1836 916 scriptori-

520 924 609 974 bus,
643 925 690 980 est
718 926 907 979 perceptio
942 925 1100 978 impetus
1133 925 1303 964 arteriae
1340 925 1376 964 in
1409 924 1564 976 digitum
1596 931 1832 982 ta743·e71te772;

522 989 764 1028 aestimamus
804 988 913 1028 huius
954 989 1121 1041 impetus
1153 989 1396 1041 quantitatem
1434 1000 1482 1027 ex
1514 987 1653 1028 robore
1686 999 1724 1028 et
1755 991 1832 1029 im-

520 1051 729 1106 pressione,
767 1065 880 1106 quam
912 1053 949 1091 in
975 1062 1124 1106 partem
1155 1061 1371 1105 tangentem
1406 1052 1488 1091 fieri
1525 1052 1831 1105 persentiscimuS.

518 1117 654 1166 Absit,
701 1126 743 1156 vt
776 1129 912 1169 negem
947 1116 1271 1171 phaenomenon3
1325 1117 1436 1156 omni
1469 1117 1548 1156 iure
1580 1116 1831 1158 differentiam

517 1180 794 1221 diametrorum
830 1181 987 1220 arteriae
1015 1181 1233 1221 contrae‘tae
1262 1191 1299 1222 et
1327 1181 1501 1222 dilatatae
1526 1181 1592 1221 vni
1620 1180 1742 1221 lineae
1768 1194 1834 1222 ae-

516 1245 670 1298 qualem
704 1244 810 1298 supra
840 1246 872 1294 χξ
904 1249 999 1296 60.)
1028 1245 1246 1299 posuimus,
1283 1247 1333 1286 ita
1366 1246 1471 1286 enim
1499 1257 1629 1286 reuera
1655 1257 1832 1300 apparet:

515 1309 578 1350 sed
613 1311 776 1350 caussam
812 1308 1070 1363 phaenomeni
1107 1320 1147 1350 vt
1182 1311 1384 1351 admittam
1407 1341 1417 1361 ,
1473 1310 1542 1350 vix
1574 1309 1671 1351 mihi
1708 1312 1834 1364 patior

520 1374 740 1428 persuaderi.
790 1374 1001 1424 Videlicet,
1032 1384 1094 1415 aut
1121 1376 1252 1415 arteria
1281 1384 1359 1416 tota
1384 1373 1521 1428 pulsat,
1552 1384 1614 1415 aut
1631 1388 1713 1428 pars
1731 1377 1830 1431 eius;

520 1449 679 1491 Vtroque
699 1439 822 1478 modo
849 1439 971 1490 potest
1000 1438 1160 1477 obtineri
1190 1439 1343 1478 effictus
1367 1439 1492 1487 idem,
1530 1437 1832 1490 phaenomenon

519 1502 639 1543 idem.
694 1500 1051 1542 Demonstrauimus
1069 1510 1195 1542 autem
1217 1502 1392 1551 (ὅσα),
1422 1501 1448 1541 si
1469 1513 1552 1554 pars
1571 1502 1726 1542 arteriae
1747 1504 1831 1558 pul-

518 1566 570 1607 sat
583 1598 594 1616 ,
615 1566 689 1606 hoc
709 1567 784 1616 est,
813 1566 840 1606 fi
860 1566 971 1606 latera
988 1566 1066 1606 eius
1085 1566 1330 1616 diducuntur,
1361 1565 1457 1606 hanc
1478 1576 1726 1620 apparentem
1748 1569 1832 1609 dia-

517 1632 633 1671 metri
653 1631 1007 1684 augmentationem
1028 1630 1368 1684 impoffibilitatem
1388 1630 1594 1671 inuoluerec
1645 1631 1739 1672 Non
1758 1634 1831 1686 igi-

520 1703 581 1736 tur
607 1695 727 1736 solum
757 1695 848 1736 latus
877 1696 1031 1736 arteriae
1062 1695 1133 1735 effe
1162 1695 1308 1750 potest,
1345 1696 1447 1735 cuius
1474 1696 1665 1749 impetum
1695 1697 1832 1750 digitus

519 1768 671 1814 tangens
704 1760 874 1809 sustinet,
912 1761 971 1802 sed
1004 1760 1041 1799 in
1076 1761 1150 1814 ipsa
1184 1760 1315 1800 arteria
1341 1770 1419 1800 tota
1446 1761 1571 1813 quaeri
1605 1761 1759 1802 effeetus
1792 1773 1832 1805 et

520 1824 778 1879 phaenomeni
808 1825 906 1866 ratio
933 1824 1065 1873 debet,
1104 1825 1142 1864 id
1170 1825 1304 1877 igitur,
1338 1824 1437 1879 quod
1467 1825 1607 1878 pulsare
1633 1826 1826 1879 sentimus,

521 1902 598 1929 non
632 1891 685 1930 est
717 1891 783 1932 nisi
816 1890 948 1931 arteria
982 1899 1086 1938 tota,
1133 1889 1223 1929 loco
1254 1889 1317 1929 filo
1349 1898 1484 1939 mota,
1530 1900 1569 1930 et
1603 1891 1723 1943 digito
1758 1903 1828 1931 ex-

521 1954 686 2006 ploranti
720 1956 873 2009 propius
908 1954 1097 2008 applicita.
1168 1954 1312 2010 Quibus
1339 1954 1409 1994 rite
1438 1954 1626 2009 perpensis
1655 1955 1830 2009 apprime

519 2017 616 2057 fimet
649 2018 721 2072 ipsa
757 2021 974 2060 arteriarum
1007 2017 1146 2071 figura,
1181 2031 1276 2072 quae
1308 2018 1480 2059 tortuosis
1512 2019 1736 2060 flexionibus
1761 2018 1828 2059 suis

521 2081 658 2136 vbique
689 2085 786 2124 mire
814 2083 847 2124 se
877 2084 1079 2133 insinuant,
1114 2092 1151 2123 et
1177 2084 1216 2124 in
1243 2096 1331 2138 quas
1360 2083 1520 2136 irruptio
1547 2083 1725 2135 sanguinis
1754 2095 1828 2136 po-

523 2146 706 2187 tiffimum
744 2148 824 2188 fieri
858 2148 984 2188 debet.
1060 2148 1227 2203 Quando
1264 2149 1370 2201 igitur
1404 2147 1544 2201 stinguis
1577 2147 1615 2185 in
1648 2148 1824 2188 arteriam

520 2212 737 2264 intruditur,
781 2212 918 2254 canalis
949 2209 1171 2256 ABCDE
1204 2212 1405 2268 turgescit,
1446 2222 1484 2252 ct
1515 2210 1674 2266 figuram
1709 2212 1825 2252 aliam

1671 2274 1824 2332 AssC,
