2014 2761
340 166 426 215 ΕΤ
458 164 743 215 ΡΗῙΟΟΚῙΒ
776 165 970 230 QVAE
1003 165 1317 215 FLVENTIS.
1393 173 1485 223 269

167 290 439 340 incumbentis,
481 299 641 346 propter
673 302 829 332 moram
862 291 1107 346 adipiscerer,
1143 290 1239 341 hoc,
1275 300 1318 332 vt
1350 291 1486 333 instru-

165 367 347 399 mentum
377 356 599 409 fluctuaret,
637 370 704 397 nec
732 356 975 411 aequabiliter
1003 357 1050 398 ab
1077 370 1171 411 aqua
1199 356 1440 398 lamberctnr.⁷

318 456 518 511 Imprimis
544 456 770 511 oportebat,
806 465 850 497 vt
876 456 1091 507 celeritate,
1125 470 1197 512 qua
1224 457 1353 511 potui,
1388 457 1487 497 dex-

165 522 323 565 teri-ima
358 522 404 561 ad
440 521 573 574 gradus
605 520 865 575 respicerem,
919 522 1122 575 postquam
1155 523 1372 563 extractum
1408 530 1487 563 erat

164 588 490 639 instrumentum3
542 584 652 626 Nam
687 585 752 626 vel
783 585 1001 639 parciffima
1038 598 1150 626 mora
1171 617 1181 636 ,
1230 587 1423 640 imprimis
1458 588 1486 629 fi

166 653 272 693 calor
303 663 419 705 aquae
450 660 489 691 et
524 652 616 691 aeris
648 651 907 692 incumbentis.
938 651 1107 692 multum
1143 650 1342 692 differebat
1364 683 1380 703 „
1417 664 1488 692 va-

163 718 235 761 rias
267 716 605 758 incommoditates
638 717 811 770 peperitr
843 716 1029 770 siquidem
1063 718 1270 758 mercurius
1300 717 1385 771 post
1416 730 1487 757 ex-

163 783 400 824 tractionem
444 793 736 835 nonnumquam
778 781 974 836 paululum
1018 781 1176 822 cadebat
1195 813 1205 830 ‚
1257 795 1358 824 mox
1390 795 1487 823 vero

166 848 412 896 ascendebat,
470 858 744 899 nonnunquam
780 859 875 887 vero
910 847 995 901 post
1030 846 1176 901 lapsum
1210 847 1486 901 aliquantulum

165 912 391 966 quiescebat,
426 919 463 950 et
495 920 578 951 tum
612 912 771 951 demum
806 911 1045 962 ascendebat,
1080 922 1123 952 vt
1149 911 1187 952 d.
1219 924 1383 963 12.14.
1413 926 1482 963 15.

164 974 237 1017 Iul.
274 977 310 1017 d.
346 988 391 1027 7.
425 990 503 1016 11.
531 981 605 1017 16.
633 977 736 1031 Aug.
775 978 877 1031 quod
911 977 993 1018 sine·
1022 977 1139 1018 dubio
1171 976 1258 1017 inde
1292 979 1486 1032 prouenit,

162 1042 335 1096 partim,
364 1043 468 1096 quod
499 1042 692 1094 cylindrus
717 1043 857 1084 vitreus
884 1043 922 1083 in
956 1055 1089 1084 aerem
1120 1041 1349 1084 calidiorem
1383 1044 1490 1085 dela-

161 1116 240 1156 ωε,
275 1107 475 1148 secundum
506 1108 727 1162 generalem
755 1108 928 1163 regulam
956 1109 1003 1150 de
1030 1108 1070 1149 vi
1098 1108 1232 1149 caloris
1258 1110 1487 1162 expansiua,

162 1172 270 1227 prior
302 1173 573 1213 extendebatur
587 1204 603 1223 ,.
640 1183 683 1213 vt
713 1174 804 1214 hinc
837 1175 1048 1214 mercurius
1079 1173 1340 1227 spatiosiorem
1375 1188 1491 1229 capa-

164 1238 320 1278 citatem
351 1236 481 1277 nac'tus
511 1238 712 1278 necessario
732 1238 927 1292 paululum
950 1238 1159 1291 laberetur,
1188 1241 1354 1291 partim,
1384 1239 1486 1293 quod

165 1302 330 1356 guttulae
362 1314 501 1356 aqueae
532 1302 709 1355 cylindro
745 1304 922 1344 extracto
958 1302 1209 1343 adhaerentes
1232 1334 1242 1351 ‚
1294 1304 1333 1343 in
1367 1317 1455 1345 aere
1474 1335 1487 1356 ‚

165 1367 232 1408 etsi
264 1367 468 1417 calidiore,
504 1367 749 1415 exhalarent,
784 1368 873 1408 hinc
906 1369 1157 1420 quadantenus
1189 1367 1487 1421 refrigescerent,

164 1440 204 1472 et
243 1431 479 1484 refrigerium
521 1432 628 1471 suum
666 1444 757 1471 cum
794 1432 987 1471 mercurio
1023 1433 1120 1471 intus
1154 1442 1340 1471 contento
1375 1447 1490 1475 com-

165 1497 412 1538 municarent.
482 1496 550 1537 Ex
582 1497 713 1550 quibus
746 1497 925 1538 omuibus
957 1507 1135 1552 apparet,
1171 1510 1285 1550 quam
1322 1499 1490 1540 circum-

164 1562 290 1616 specta
323 1562 468 1602 (Olertia
495 1574 591 1616 opus
618 1562 726 1602 fuerit
754 1562 791 1602 in
820 1563 1000 1616 negotio,
1035 1562 1137 1616 quod
1165 1562 1211 1603 ab
1240 1563 1351 1603 initio
1379 1564 1489 1606 facile

164 1627 386 1678 videbatur,
420 1627 480 1668 sed
514 1627 705 1682 perplexo
736 1636 890 1678 tamen,
926 1628 1012 1682 quia
1045 1637 1177 1668 natura.
1203 1628 1340 1681 vbique
1369 1631 1488 1670 etiam

167 1691 205 1733 in
239 1693 435 1744 minimis,
468 1692 568 1747 leges
599 1693 664 1733 sibi
698 1693 895 1748 impositas
927 1693 1136 1733 constanter
1167 1690 1352 1733 obseruat.
1389 1694 1490 1735 Hinc

167 1769 253 1797 raro
286 1758 404 1797 vnico
440 1759 713 1812 experimento
750 1769 946 1799 contentus
983 1771 1120 1808 eram,
1170 1757 1229 1797 sed
1264 1756 1493 1813 plerumque

168 1822 283 1863 tribus
317 1831 520 1875 quatuorue
553 1823 696 1865 vicibus
726 1837 811 1867 rem
844 1823 1015 1879 repetii,
1068 1831 1112 1865 vt
1145 1822 1192 1862 de
1228 1821 1493 1867 obseruatione

165 1887 265 1930 fasta
296 1896 417 1928 certus
448 1887 583 1929 enemo

314 1986 583 2028 Phaenomena
610 1996 763 2038 autem,
796 1990 946 2043 quaein
965 1989 1179 2030 mutatione
1205 1988 1343 2030 caloris
1368 2001 1486 2045 aquae

165 2053 310 2097 fluentis
342 2065 411 2107 per
443 2053 621 2093 aestatem
661 2065 926 2104 occurrerunt,
965 2053 1167 2110 praecipua
1201 2054 1296 2095 haec
1328 2055 1428 2097 sunt:

272 2123 333 2171 1.)
367 2115 487 2158 Calor
518 2130 635 2172 aquae
669 2118 769 2158 lente
805 2121 944 2170 creuit,
977 2122 1029 2161 ita
1066 2130 1108 2160 vt
1133 2119 1329 2161 summum
1360 2121 1487 2161 incre-

406 2192 586 2225 mentum
633 2196 714 2226 vno
755 2184 818 2226 die
858 2185 898 2227 d.
937 2197 1011 2238 25.
1047 2183 1133 2228 Iun.
1185 2184 1355 2234 fitistiim,
1397 2186 1488 2225 esset

1316 2250 1483 2292 duorum
