2014 2761
350 195 419 245 SE
455 199 722 245 INVICEM
763 196 1284 245 PERCVTIENTIVM
1411 215 1468 255 33

655 314 929 377 Scholion
971 333 1032 387 2.

288 405 505 449 XXXVI.
541 406 732 448 Aliorum
765 418 965 461 praeterea
999 405 1397 460 phaenomenorum,
1441 408 1480 449 in

160 469 310 511 eodem
343 470 436 512 ludo
469 469 624 513 Billard
656 473 971 521 occurrentium,
1006 471 1110 511 ratio
1147 472 1257 512 reddi
1303 473 1478 525 poterit,

161 534 405 575 considerato
438 547 482 574 ea
520 546 594 586 qua
630 532 795 574 fecimus
824 535 1004 584 ratione,
1040 544 1156 574 motu
1174 536 1349 590 duplici,
1383 549 1481 592 pro-

161 596 325 652 greffiuo
358 608 398 639 et
430 597 652 652 gyratorio.

277 694 518 737 Obseruatur
550 706 591 738 ν.
624 707 683 749 gr.
721 693 914 748 globum,
949 696 1079 751 digito
1111 694 1285 752 pressum
1325 696 1481 752 hocque

161 761 288 802 modo
322 760 578 816 propulsum,
613 761 791 815 primum
825 761 987 814 quidem
1030 763 1275 816 aliquantum
1321 772 1482 803 antror-

160 824 243 866 sum
266 859 278 879 ,
322 826 413 867 dein
456 837 557 866 vero
603 824 815 866 retrorsum
859 827 1041 879 moueri,
1088 827 1203 868 huius
1247 827 1350 868 ratio
1398 827 1477 880 est,

158 891 265 944 quod
300 891 441 944 digitus
460 889 686 944 propellens
719 889 886 943 globum
920 891 1036 932 simul
1076 904 1169 933 eum
1204 891 1379 932 retrahat
1410 891 1483 932 sic·

159 967 235 1009 que
268 956 306 996 ei
347 956 557 1009 imprimat
592 955 796 1010 duplicem
838 965 1022 1007 motum,
1060 956 1229 997 alterum
1269 954 1481 1010 progreffi-

160 1030 256 1061 uum
290 1019 540 1074 antrorsum,
574 1019 745 1062 alterum
781 1022 1030 1074 gyratorium
1064 1021 1106 1062 in
1139 1020 1288 1062 sensum
1318 1029 1482 1062 contra-

160 1083 291 1138 rium,
325 1086 435 1140 prior
476 1086 525 1126 ab
569 1085 686 1126 initio
716 1085 928 1140 posteriori
957 1086 1180 1141 praeualet,
1215 1085 1276 1127 sed
1315 1095 1482 1141 propter

161 1146 407 1202 asperitatem
441 1151 549 1205 plani
582 1150 694 1192 breui
727 1150 994 1205 extinguitur,
1031 1161 1071 1192 et
1106 1151 1157 1193 fic
1191 1150 1264 1192 illo
1297 1149 1480 1191 extincto

157 1209 238 1253 hoc
270 1223 405 1256 autem
437 1224 693 1267 remanente,
729 1216 868 1269 globus
904 1226 1012 1258 retro
1032 1226 1237 1260 mouetur:
1274 1215 1385 1258 idem
1406 1227 1483 1255 ve-

161 1287 211 1314 ro
244 1289 327 1315 non
359 1279 524 1328 accidit,
559 1280 586 1319 fi
618 1280 761 1330 digitus
793 1281 1024 1331 propellens
1066 1281 1233 1331 globum
1274 1278 1478 1318 madefiat.

161 1337 289 1378 Porro
321 1338 544 1377 obseruatur
579 1341 814 1380 directiones
845 1341 1060 1390 globorum
1095 1342 1182 1394 post
1200 1342 1409 1395 impulsum
1429 1341 1480 1383 ad

160 1401 198 1440 se
230 1401 403 1441 inuicem
438 1412 521 1440 non
554 1398 633 1441 effe
669 1400 1030 1454 perpendiculares:
1066 1401 1134 1440 hic
1168 1406 1314 1442 iterum
1348 1405 1481 1446 consr-

159 1465 373 1506 derandum
419 1464 498 1517 est,
542 1465 709 1519 globum
749 1465 1043 1519 impingentem
1086 1475 1177 1506 ante
1227 1466 1479 1508 collisionem

159 1528 303 1570 habere
340 1539 501 1571 motum
534 1530 754 1585 duplicem,
791 1529 1076 1584 progreffiuum
1114 1540 1154 1571 et
1198 1532 1477 1587 gyratorium;

159 1594 378 1649 posterior,
417 1595 532 1650 quia,
570 1604 616 1636 vt
657 1594 807 1649 saepius
838 1594 1018 1647 dictum,
1058 1607 1141 1635 non
1170 1605 1374 1649 mutatur,
1413 1609 1481 1637 re-

158 1659 260 1699 tinet
297 1659 384 1713 post
429 1659 643 1715 impulsum
691 1660 858 1700 eandem
904 1660 1198 1714 dsteftionem,
1244 1674 1360 1715 quam
1401 1660 1478 1702 ha-

158 1723 245 1763 buit
281 1733 391 1764 ante:
439 1727 550 1778 prior
587 1736 711 1776 vero,
750 1725 942 1765 nimirum
965 1725 1245 1778 progreffiuus,
1283 1726 1371 1778 post
1391 1725 1478 1766 col-

161 1787 341 1829 lifionem
378 1790 505 1830 tendit
541 1789 753 1830 secundum
794 1789 1157 1843 perpendicularem
1197 1790 1245 1830 ad
1283 1789 1477 1830 directio-

162 1864 256 1892 nem
294 1852 451 1894 alterius
487 1854 622 1909 globi,
660 1853 728 1894 sed
766 1863 931 1910 propter
969 1853 1217 1909 asperitatem
1259 1855 1377 1907 panni
1407 1867 1477 1895 ac-

161 1917 271 1958 cedet
309 1916 459 1971 insuper
497 1921 619 1973 globo
656 1929 789 1960 motus
823 1921 1045 1973 gyratorius
1063 1918 1270 1959 secundum
1301 1919 1476 1959 eandem

162 1980 454 2035 direcstionem3
494 1984 654 2025 habebit
690 1996 787 2037 ergo
821 1984 964 2038 globus
1001 1993 1162 2025 motum
1202 1983 1399 2036 triplicem
1436 1991 1477 2023 et

162 2058 216 2088 ex
252 2045 332 2086 hoc
371 2057 486 2088 motu
524 2048 671 2102 triplici
709 2050 919 2090 necessario
956 2049 1055 2090 oriri
1093 2047 1210 2089 debet
1230 2057 1363 2088 motus
1381 2048 1476 2089 sim-

164 2111 258 2164 plex
296 2112 511 2155 rotatorius
545 2112 753 2156 lecundum
792 2113 1059 2156 directionem
1090 2113 1260 2169 aliquam
1279 2113 1475 2154 interme-

162 2174 270 2218 Tom.
308 2175 348 2219 V
349 2176 400 2219 II
406 2208 415 2218 .
786 2179 823 2221 E
1365 2177 1475 2219 diam
