2014 2761
539 185 625 231 298
709 175 798 221 DE
831 174 1291 223 CIRCVLATIONE
1321 175 1652 226 SANGVINIS

656 300 688 349 §-
723 312 797 351 31.
843 299 945 356 Quia
967 299 1132 340 variante
1151 299 1360 340 intensitate
1388 300 1528 341 virium
1558 301 1683 341 cordis
1710 297 1847 344 nume..¹

533 380 594 408 rus
627 364 809 407 fibrarum
840 365 955 405 latera
983 364 1180 404 ventriculi
1207 366 1528 419 componentium
1563 365 1733 406 constans
1764 379 1851 413 ma-

531 443 616 473 net:
653 430 709 472 vis
742 429 891 470 clastica
924 430 1047 483 cordis
1079 442 1156 469 non
1184 442 1205 469 a
1233 429 1415 470 fibrarum
1448 442 1611 470 numero
1643 432 1724 470 1010
1755 443 1852 485 pro·-

532 497 677 537 ducitur
697 526 708 545 ,
755 495 814 535 sed
850 494 997 535 aliunde
1032 493 1136 535 fibris
1171 495 1435 547 superadditur.
1517 493 1605 536 Non
1642 495 1754 548 igitur
1786 496 1851 538 vis

531 563 655 603 cordis
687 559 734 616 ⁶ss
765 561 803 601 in
831 560 975 601 ratione
1004 556 1162 615 massae,
1197 559 1262 600 nifi
1290 559 1451 614 singulae
1479 559 1594 599 fibrae
1624 559 1851 600 elasticitati-

532 627 598 667 bus
643 625 859 678 respectiuis
891 634 929 664 et
960 623 1339 678 correspondentibus
1361 656 1371 674 ,
1425 633 1504 663 tam
1542 625 1665 676 quoad
1699 624 1853 677 magni-

532 692 705 732 tudinem
739 698 776 729 et
808 690 964 743 gradum
999 689 1147 729 elateris
1179 683 1235 736 (ξ.
1264 692 1359 737 28.)
1393 701 1508 742 quam
1542 689 1667 741 quoad
1699 688 1853 732 intenfi-

534 765 654 799 tatem
692 755 743 804 (ξ.
761 757 852 808 29.)
885 753 1092 808 aequalibus
1123 752 1321 807 gaudeant.

653 856 687 906 ξ.
729 867 803 905 32.
870 850 1065 894 Intensitas
1094 852 1233 893 virium
1263 851 1388 892 cordis
1415 850 1573 905 sequitur
1601 850 1851 893 intenfitatem

536 921 681 961 clateris
714 919 918 967 fibrarum,
954 929 1005 957 ex
1037 917 1171 970 quibus
1203 916 1316 956 latera
1349 916 1647 956 ventriculorum
1681 929 1853 970 compo,

536 995 701 1025 nuntur:
754 982 941 1024 intensrtas
975 991 1102 1021 autem
1135 979 1281 1022 elateris
1322 979 1439 1021 fibrae
1473 978 1628 1033 lequitur
1659 981 1852 1023 rationem

535 1049 675 1090 virium
699 1079 709 1098 ,
763 1047 895 1100 quibus
938 1046 1129 1095 tenditur,
1181 1043 1238 1084 seu
1278 1045 1510 1098 producitur.
1606 1044 1697 1096 Quo
1733 1045 1856 1097 magis

535 1114 648 1166 igitur
681 1111 980 1152 ventriculorum
1017 1109 1131 1150 latera
1163 1121 1184 1148 a
1217 1107 1251 1149 se
1287 1109 1452 1149 inuicem
1484 1117 1760 1158 remouentur,
1804 1120 1857 1148 eo

537 1178 663 1218 maior
695 1176 748 1217 est
781 1178 837 1215 vis
858 1207 868 1226 ,
922 1187 991 1228 qua
1026 1175 1072 1214 nd
1106 1173 1173 1214 sese
1215 1174 1392 1214 accedere
1434 1174 1613 1213 nituntur.
1714 1170 1760 1212 In
1804 1185 1855 1214 eo

538 1251 667 1282 autem
711 1240 897 1294 temporis
942 1239 1116 1293 puncto,
1173 1251 1250 1291 quo
1292 1237 1384 1279 fibra
1430 1238 1527 1278 tenfit
1568 1251 1589 1278 a
1630 1237 1668 1278 vi
1710 1238 1854 1291 produ-

538 1316 647 1347 cente
681 1306 744 1346 fibi
778 1305 996 1358 relinquitur
1018 1335 1028 1354 ,
1082 1304 1139 1344 vis
1172 1304 1382 1357 producens
1413 1303 1593 1344 omnium
1627 1303 1854 1343 anteceden-

539 1373 636 1412 tium
671 1372 723 1411 cst
756 1371 962 1419 maxima,
1008 1368 1096 1408 hinc
1132 1378 1170 1407 et
1201 1368 1385 1408 intenfitas
1418 1368 1641 1408 elasticitatis
1672 1368 1852 1408 omnium

538 1436 843 1488 praecedentium
878 1433 1063 1473 maxima.
1152 1432 1394 1487 Quapropter
1413 1457 1424 1478 ,
1479 1432 1628 1484 quando
1660 1432 1699 1470 in
1716 1427 1850 1486 systole

535 1497 614 1541 Co}-
650 1512 761 1552 agere
799 1508 835 1538 et
870 1495 1043 1537 contrahi
1080 1495 1245 1548 incipit,
1291 1494 1487 1536 celeritate
1521 1496 1694 1535 maxima
1727 1507 1853 1535 moue-

535 1572 624 1615 tur,
663 1577 776 1617 quum
811 1562 995 1603 intensitas
1026 1559 1169 1600 elatcris
1196 1560 1235 1600 in
1263 1561 1506 1600 antecedente
1539 1559 1693 1600 diastole
1719 1560 1853 1602 conci-

541 1642 629 1684 pere
661 1638 822 1684 poterat.

656 1730 689 1778 ξ.
735 1741 806 1778 33.
878 1723 917 1767 Si
952 1726 1071 1776 vires,
1105 1724 1233 1778 quibus
1266 1724 1380 1766 latera
1416 1725 1689 1778 producuntur,
1724 1731 1850 1766 tantae

538 1795 616 1835 {imt
650 1806 812 1834 numero
846 1792 907 1831 vel
943 1791 1176 1845 quantitate,
1220 1799 1285 1835 vt,
1333 1791 1358 1830 si
1396 1789 1510 1830 fibrae
1545 1789 1663 1830 tenfiie
1699 1790 1852 1830 vlterius

539 1860 860 1913 producerentur,
910 1856 1164 1896 elasticitntem
1198 1853 1299 1894 suam
1333 1854 1446 1908 plane
1480 1855 1727 1895 amitterent:
1779 1854 1849 1894 erit

537 1925 600 1964 ille
634 1924 765 1977 gradus
797 1921 1012 1962 intenfitatis
1045 1920 1236 1974 summus3
1274 1919 1368 1969 siue,
1406 1929 1492 1959 tunc
1525 1921 1595 1960 erit
1629 1921 1694 1960 vis
1724 1919 1849 1960 cordis

539 1989 717 2027 omnium
754 1986 982 2041 possibilium
1017 1987 1200 2024 maxima.
1287 1982 1328 2024 Si
1360 1994 1491 2024 contra
1527 1986 1624 2025 vires
1656 1984 1850 2025 tendentes

536 2063 616 2093 tam
644 2053 801 2104 exiguae
833 2051 930 2098 iiiut,
963 2058 1026 2097 vt,
1062 2049 1088 2089 si
1118 2049 1267 2089 vlterius
1295 2050 1571 2097 minuerentur,
1607 2048 1718 2100 plane
1745 2046 1846 2087 nulla

541 2119 701 2157 luterum
733 2115 932 2169 produstio
960 2113 1138 2155 oriretur:
1177 2115 1248 2154 crit
1276 2114 1338 2153 ille
1362 2111 1509 2165 gradus
1540 2111 1756 2153 intensitntis
1775 2112 1846 2151 mi-

543 2183 668 2224 nimus.
755 2179 905 2223 Similia
938 2179 1138 2231 accidunt,
1190 2179 1218 2221 si
1253 2178 1367 2220 fibrae
1399 2187 1461 2220 aut
1491 2177 1638 2219 summe
1676 2176 1845 2216 robustae

1743 2239 1850 2290 sunt,
