2014 2761
478 153 676 206 NOVAE
709 152 1213 205 OBSERMTIONES.
1412 171 1501 213 207

185 293 309 333 rum,
375 281 526 336 quando
570 281 687 324 semel
727 295 771 324 ac
813 282 948 322 iterum
992 282 1176 337 insignem
1218 281 1423 323 canitatem
1463 282 1504 323 in

190 348 357 399 Thymo
390 348 592 402 conspexi,
637 358 835 403 propterea
868 347 967 387 haud
1004 349 1302 388 existimandum
1338 348 1391 388 est
1413 378 1423 397 ‚
1466 348 1507 388 in

189 413 373 454 omnibus
415 422 453 453 et
496 412 641 466 [iugulis
681 411 919 454 cadaueribus
959 425 1045 453 eam
1089 414 1276 454 inueniri:
1327 426 1443 466 qnam
1477 413 1504 454 fi

188 477 443 531 contemplari
476 476 624 530 semper
655 478 824 530 procliue
858 477 970 526 esset,
1006 478 1097 518 Eius
1128 479 1298 519 inuentio
1326 488 1369 519 vt
1396 478 1505 519 vide-

190 552 250 584 tur
284 541 383 582 haud
417 541 463 581 ad
496 540 571 580 hoc
605 550 757 594 tempus
788 540 903 580 dilata
938 539 1069 580 fuisset.

312 639 347 688 ξ.
398 642 438 678 8.
514 637 644 695 Quam
687 637 950 679 difficultatem
994 638 1169 693 profesto
1214 638 1317 680 haud
1358 653 1502 682 nouam

182 702 271 753 effe,
309 703 388 743 iam
421 702 502 743 (atis
534 716 586 745 ex
621 706 819 745 Anatome
851 704 905 744 est
937 714 1204 758 compertum,
1240 706 1432 759 imprimis
1463 707 1504 747 in

183 768 353 824 partium
385 768 626 820 cauitatibus,
660 782 754 823 quae
789 769 1056 809 mutationibus
1082 770 1295 823 frequenter
1323 771 1403 811 sunt
1431 771 1503 811 ob-

183 835 346 888 noxiae·⁷
383 831 464 885 sed,
499 834 637 887 inquis,
674 834 700 874 fi
730 834 897 886 Thymo
922 836 1059 874 canitas
1086 835 1303 875 naturaliter
1330 836 1382 876 cst
1409 848 1503 876 con-

183 899 279 940 cessa
303 929 313 948 ‚
365 898 442 938 eius
476 899 523 939 ad
558 899 770 939 minimum
799 899 1013 939 subobscura
1048 899 1202 952 vestigia
1235 899 1356 940 adhuc
1389 901 1507 941 inter-

181 963 333 1004 noscere
363 963 536 1016 procliue
567 967 657 1005 erit:
693 965 809 1021 Quod
838 965 1042 1015 iudicium,
1078 965 1174 1004 inter
1199 964 1270 1005 alia
1291 961 1505 1007 Glandulae

183 1028 348 1072 Renales
384 1027 577 1084 Exstat-hic·
610 1029 866 1084 confirmant3
920 1029 1054 1070 Sinum
1089 1031 1192 1070 enim
1227 1030 1500 1085 peramplum,

183 1107 260 1147 quo
297 1107 358 1134 eas
392 1093 538 1135 Natura
571 1095 722 1136 indubie
755 1095 949 1146 instruxit,
993 1095 1184 1136 interdum
1220 1096 1344 1150 prima
1379 1096 1506 1150 inspe-

184 1158 315 1199 <stione
349 1159 511 1199 inuenies
531 1174 542 1200 ⁷:
639 1160 928 1214 Nonnunquam
963 1160 1143 1200 delitescit
1178 1170 1217 1200 et
1254 1161 1329 1200 fere
1364 1161 1506 1200 oblite-

182 1232 305 1273 ratur,
340 1223 500 1262 referens
534 1223 736 1274 videlicet,
770 1237 907 1278 corpus
939 1224 1094 1264 densum
1130 1234 1168 1263 et
1203 1224 1364 1265 solidum
1398 1225 1503 1264 cani-

184 1288 341 1342 tatisqne
381 1299 543 1341 expers,
607 1288 709 1341 qnod
750 1298 878 1328 tamen
924 1289 1178 1327 exercitatum
1221 1288 1504 1329 Anatomicnm

182 1353 310 1394 minus
346 1360 474 1401 vetat,
509 1352 597 1403 quin
629 1352 893 1404 impressiones
924 1350 1155 1392 subobscurus
1188 1352 1376 1392 obliterati
1410 1353 1505 1394 finus

180 1416 383 1458 nonsolum
420 1414 646 1469 perspiciat,
701 1427 837 1458 verum
878 1415 998 1457 etiam
1039 1415 1280 1458 distrat‘tione
1313 1418 1504 1471 parietum

177 1482 345 1523 eundem
379 1480 554 1521 restituat.

304 1575 341 1624 ξ.
380 1595 423 1632 9.
488 1576 623 1635 Itaque
660 1580 823 1634 parietes
854 1577 1008 1631 Thymi
1051 1579 1184 1621 leniter
1230 1578 1502 1633 distrahendo,

180 1646 384 1688 manifesto
419 1643 636 1695 obseruani,
671 1646 779 1686 illam
813 1657 963 1699 qnoque
996 1645 1258 1694 substantiam,
1292 1659 1406 1700 qnam
1440 1659 1504 1687 ca-

182 1712 305 1752 uitatis
340 1719 541 1763 expertem
575 1721 613 1751 et
649 1711 905 1765 compressam
939 1709 1043 1764 supra
1078 1710 1279 1751 credebam
1304 1742 1314 1761 ‚
1370 1711 1502 1764 paula-

182 1777 258 1816 tim
291 1774 504 1824 dehiscere,
537 1775 707 1830 nihilque
739 1776 840 1816 aliud
878 1775 950 1815 effe
982 1788 1096 1829 quam
1130 1775 1250 1816 sinum
1283 1775 1362 1815 iam
1398 1775 1502 1816 obli-

183 1849 346 1881 teratum
370 1870 379 1888 ‚
436 1837 689 1894 Cauitatisqne
722 1840 828 1894 snpra
864 1852 1105 1882 memoratae
1151 1840 1498 1881 continuationem.

184 1906 306 1947 Porro
350 1905 386 1943 in
421 1904 500 1944 aliis
534 1902 784 1945 Cadaueribus
804 1937 814 1956 ‚
868 1919 1033 1959 qnorum
1067 1904 1246 1956 Thymus
1290 1905 1501 1946 istius-modi

184 1969 381 2012 manifesta
416 1969 578 2009 cauitate
614 1969 712 2009 haud
745 1980 822 2010 erat
854 1971 1048 2012 instruc‘tus
1069 2003 1079 2022 ,
1131 1971 1303 2024 primum
1341 1969 1501 2011 difficile

183 2046 265 2076 erat
298 2034 497 2087 vestigium
535 2034 627 2075 sinus
662 2034 940 2090 internoscere·⁷
1008 2034 1146 2090 Spatio
1179 2045 1308 2076 tamen
1355 2035 1499 2090 aliquot

184 2101 333 2141 dierum
359 2130 369 2147 ,
413 2098 533 2138 laxata
567 2100 643 2138 eius
676 2112 889 2153 compage,
936 2101 1118 2155 exignum
1152 2100 1390 2141 interstitium
1425 2101 1499 2140 ob-

181 2165 372 2206 sernabam
387 2195 397 2212 ‚
432 2165 531 2205 cuius
549 2165 812 2216 distractione,
834 2167 945 2220 coepi
965 2166 1162 2208 manifesto
1181 2165 1496 2213 animaduertere,

225 2227 335 2274 Tom.
352 2225 462 2272 VH.
831 2230 868 2273 E
887 2242 909 2272 e
1375 2228 1498 2269 istius-
