2014 2761
404 173 863 225 COGITATIONES
892 172 1382 226 PHYsroLoereAE.
1453 194 1539 236 321

232 314 375 344 norem
409 301 569 356 gradum
603 301 638 342 se
673 301 860 357 patiuntur
892 302 1061 344 extendi.
1128 302 1266 358 Neque
1295 303 1422 344 minus
1452 313 1551 345 arte-

231 370 285 409 ria
320 368 469 408 robusta
503 368 694 408 maiorem
725 369 872 409 virium
899 368 1189 426 extendentium
1224 370 1412 423 impetum
1450 371 1552 411 insti-

232 442 328 488 net3
383 434 516 474 arteria
551 432 685 473 debilis
720 436 930 474 minorem.
999 434 1121 474 Porro
1156 435 1343 475 intensitas
1379 437 1451 489 ipsa
1490 436 1552 476 vi-

229 500 333 539 rium
366 497 601 538 elasticarnm
638 499 817 548 arteriae,
855 498 955 551 queis
991 498 1028 538 in
1062 497 1111 538 sui
1145 500 1421 541 restitutionem
1459 501 1553 540 niti-

229 572 312 613 tur,
354 563 513 617 sequitur
545 561 799 603 intenfitatem
835 562 975 602 virium
997 593 1008 612 ‚
1051 564 1155 616 queis
1186 565 1262 618 ipsa
1297 564 1363 604 fnit
1401 566 1550 607 extensa

228 629 287 669 seu
319 627 517 682 prodireta.
586 627 706 681 Atqui
735 627 830 668 haec
859 627 1030 669 extensio
1062 629 1240 682 prouenit
1266 628 1313 668 ab
1341 640 1549 682 augmento

225 692 405 748 sanguinis
440 702 538 733 certa
572 692 775 733 velocitate
809 693 978 734 irruentis
998 724 1008 744 ,
1054 704 1302 747 augmentum
1339 704 1378 735 et
1412 697 1548 738 celeri-

228 767 281 800 tas
313 757 493 812 sanguinis
519 771 540 798 a
569 757 608 797 vi
643 757 765 797 cordis
800 757 907 798 illum
941 758 1164 800 intrudente.
1236 756 1309 800 Vis
1337 761 1449 813 igitur
1482 772 1551 804 ar-

226 825 373 866 teriae,
418 836 488 877 qua
522 823 555 862 ste
589 822 782 862 contrahit
797 853 807 872 ,
854 822 900 878 cst
932 823 970 863 in
1001 825 1149 865 ratione
1180 826 1373 880 comprffita
1406 828 1550 868 numeri

213 889 408 937 fibrarum
439 883 723 941 cmffirantimn
742 918 752 937 ,
796 889 1011 942 quantitate
1043 888 1201 930 elateris
1222 920 1233 938 ,
1285 896 1322 928 et
1355 892 1549 948 interma-

222 959 262 993 te
294 954 398 1005 εἰκῆ
434 965 476 992 ac
512 951 714 1006 respondet
745 953 785 993 vi
818 953 962 1003 cordis,
1001 963 1179 1007 quatenus
1212 953 1308 994 haec
1341 968 1408 1009 per
1439 958 1549 997 exci-

223 1026 347 1059 tatum
379 1017 559 1070 [anguinis
592 1018 762 1058 irruentis
794 1019 987 1073 impetum
1017 1020 1143 1060 effecit
1171 1021 1327 1060 arteriae
1354 1022 1548 1062 extensio-

223 1085 330 1123 nem.
398 1081 489 1139 Quo
517 1082 695 1124 intensior
725 1083 835 1137 igitur
863 1084 967 1124 aetio
995 1085 1139 1134 cordis,
1177 1098 1253 1138 quo
1289 1086 1418 1127 maior
1448 1087 1546 1127 dila-

224 1148 319 1189 tatio
354 1149 539 1188 arteriae:
591 1161 639 1188 eo
674 1148 811 1189 fortior
844 1162 994 1203 qnoque
1027 1150 1080 1190 est
1114 1149 1265 1191 illarum
1303 1152 1542 1206 contrac‘ti03

222 1225 244 1253 e
277 1222 432 1261 contra,
473 1225 550 1266 quo
582 1212 796 1267 languidior
826 1215 930 1255 aetio
963 1216 1088 1255 cordis
1120 1215 1194 1262 est,
1238 1228 1287 1254 eo
1321 1216 1452 1256 minor
1485 1217 1546 1257 di..

221 1277 378 1329 latatio,
415 1289 463 1317 eo
491 1277 651 1317 debilior
679 1291 828 1332 quoqne
856 1279 1071 1319 contraCtio
1099 1280 1257 1320 arteriae
1285 1280 1369 1320 erit.
1434 1283 1543 1322 Haec

222 1351 260 1383 et
289 1343 392 1396 plura
427 1342 561 1382 similia
598 1342 838 1384 theoremata
871 1344 1008 1398 absque
1039 1344 1209 1384 vlteriori
1243 1348 1543 1398 argumentatio-

222 1419 270 1448 ne
305 1419 356 1447 ex
389 1415 516 1447 natura
548 1407 772 1447 elasticitatis
804 1409 947 1457 fluunt,
991 1418 1100 1462 atque
1134 1411 1368 1461 experientia
1401 1411 1545 1451 confir-

222 1482 398 1526 mantur·⁷
433 1470 616 1525 siqnidem
651 1472 758 1526 plura
792 1471 912 1512 adhuc
945 1472 1145 1513 corollaria
1174 1473 1261 1513 inde
1290 1474 1421 1514 deduci
1450 1489 1543 1529 pos-

220 1536 328 1587 sent,
383 1549 476 1591 quae
513 1537 560 1577 ad
597 1536 830 1578 illustrandas
862 1539 1036 1578 veritates
1078 1537 1355 1592 physiologicas
1395 1553 1438 1580 ac
1473 1554 1542 1594 pa-

221 1601 432 1656 thologicas
466 1602 628 1642 facerent
649 1634 658 1651 ,
703 1603 741 1642 ni
774 1603 939 1644 nimium
973 1617 994 1643 a
1028 1603 1226 1657 proposito
1259 1605 1387 1644 nostro
1420 1605 1543 1645 defle-

222 1667 424 1708 &eremun
493 1667 598 1708 Haec
631 1668 743 1722 igitur
780 1668 1002 1721 generaliter
1035 1669 1136 1708 dieta
1169 1667 1249 1708 satis
1280 1669 1400 1710 sumo.

347 1790 383 1838 §.
421 1800 499 1846 67.
567 1798 712 1855 Quodsi
752 1798 830 1838 iam
869 1798 993 1852 magis
1026 1796 1185 1851 praecise
1219 1798 1257 1838 in
1293 1799 1542 1853 quantitatem

218 1861 358 1901 virium
382 1892 393 1910 ,
448 1862 549 1915 queis
582 1864 738 1903 arteriae
771 1864 810 1902 in
843 1863 1055 1916 sanguinem
1093 1864 1363 1918 expellendum
1399 1875 1538 1918 agunt,

219 1927 410 1980 inquirere
443 1925 626 1976 velimus,
668 1936 768 1967 tanta
801 1927 1047 1969 sollicitudine
1083 1941 1176 1982 opus
1209 1943 1285 1969 non
1321 1931 1394 1970 esse
1428 1942 1540 1984 puta-

220 1993 368 2040 uerim,
404 2001 542 2045 quanta
571 1992 669 2031 vires
695 1992 817 2032 cordis
844 1993 1021 2046 indagare
1050 1994 1232 2047 oportuit.
1303 1996 1403 2047 Quia
1432 1996 1536 2036 enim

220 2057 406 2098 intensitas
425 2056 583 2097 aetionis
597 2056 749 2098 illarum
770 2057 957 2110 dependet
976 2059 1023 2100 ab
1043 2059 1194 2100 afflone
1213 2062 1336 2100 cordis
1352 2062 1401 2111 (ξ.
1418 2065 1445 2100 6
1450 2065 1478 2099 6
1485 2065 1534 2110 .):

221 2123 403 2175 quantitas
441 2122 606 2172 virium,
653 2123 753 2176 queis
785 2124 941 2163 arteriae
973 2124 1007 2164 se
1038 2125 1289 2175 eontinlnint,
1330 2126 1436 2167 facile
1468 2126 1537 2164 de.

224 2187 417 2231 terminari
449 2201 470 2229 a
505 2188 626 2246 priori
657 2187 815 2245 potest,
868 2188 894 2229 fi
930 2191 1082 2244 cognita
1120 2190 1230 2234 inerit
1263 2193 1444 2247 quantitas
1477 2190 1537 2228 vi-

827 2253 865 2294 T
887 2262 901 2297 t
935 2266 959 2293 2
1434 2254 1534 2296 rium
