2014 2761
345 204 435 250 DE
461 201 677 251 MVTAT.
698 200 904 251 CALOR.
920 201 1006 248 ET
1018 200 1423 251 FRIGOBSERV.
1464 216 1548 258 235

471 326 1326 461 MVTAQPIEONIBVS

141 524 150 535 ·
243 483 777 585 CALORIS
809 501 950 571 ET
980 481 1548 581 FRIGORIS

402 605 773 695 AQVAE
848 603 1386 680 FLVENTIS

547 700 1140 764 OBSERVATION
1153 701 1260 760 Es.

788 819 855 855 AV
860 818 996 855 TORE

618 865 756 954 Iosia
814 867 1170 933 lVel'tbrecht.

576 1032 611 1074 I.
665 1028 961 1074 INSTITVTI
1005 1027 1202 1074 RATIO.

405 1129 551 1173 Nimus
583 1130 660 1182 est,
695 1131 883 1184 experiri,
931 1141 1117 1185 quaenam
1150 1129 1385 1170 incrementa
1419 1137 1457 1170 et
1489 1131 1557 1171 de-

440 1205 633 1236 crementa
664 1198 824 1248 patiatur
856 1209 949 1249 aqua
976 1194 1172 1244 naturaliS,
1206 1195 1305 1234 intra
1332 1194 1461 1235 alueos
1489 1207 1552 1235 ex.

438 1272 496 1313 gr.
536 1260 639 1299 fluuii
672 1259 806 1299 Neuae
840 1260 972 1300 fluens.
1045 1258 1201 1299 Notum
1236 1258 1309 1298 est:
1345 1271 1483 1312 aquarn
1517 1259 1556 1300 vi

234 1325 331 1378 ignis
367 1325 413 1365 ad
450 1324 687 1365 constantem
724 1325 885 1377 gradum
919 1323 1056 1364 caloris
1090 1322 1222 1363 deduci
1248 1322 1376 1378 poffe3
1410 1323 1468 1364 sed
1495 1324 1556 1365 di-

235 1390 359 1429 minui
393 1389 501 1428 illum
535 1390 697 1437 iterum,
743 1397 781 1427 et
814 1390 947 1440 frigere
981 1400 1117 1439 aquam
1141 1417 1151 1436 ,
1195 1400 1285 1427 cum
1319 1388 1395 1428 aeri
1428 1401 1552 1442 expo-

233 1462 361 1504 natur,
397 1452 461 1493 vel
489 1451 682 1493 artificiale
710 1450 946 1504 refrigerium
979 1451 1165 1490 excitetur
1199 1450 1372 1492 similiter
1398 1453 1443 1492 ad
1470 1465 1556 1505 gra-

234 1518 328 1558 dum
365 1517 552 1572 aliquem,
595 1517 697 1558 cuius
733 1516 876 1557 limites
911 1517 937 1559 si
972 1514 1082 1569 frigus
1117 1516 1298 1567 excedat,
1343 1529 1435 1570 aqua
1473 1530 1554 1558 non

234 1582 396 1637 amplius
427 1595 520 1636 aqua
557 1591 712 1632 manet,
750 1582 808 1622 sed
844 1583 882 1621 in
918 1580 1078 1636 glaciem
1116 1582 1363 1623 conuertitur.
1457 1582 1555 1624 Non

233 1648 480 1688 dubitandum
517 1649 662 1701 igitur,
717 1648 808 1700 quin
850 1660 943 1700 aqua
986 1658 1059 1699 pro
1103 1646 1241 1686 diuersst
1284 1647 1554 1688 constitutione

234 1714 326 1753 aeris
377 1713 657 1762 incumbentis,
715 1711 898 1765 illamque
947 1722 1237 1763 nonnumquam
1282 1711 1470 1752 voluentis
1516 1721 1555 1754 et

233 1777 422 1817 miscentis
443 1808 453 1826 ‚
488 1777 670 1832 aliquibus
705 1775 978 1818 mutationibus
1012 1775 1182 1816 obnoxia
1216 1775 1274 1816 fit.
1378 1776 1553 1834 Quantae

236 1851 363 1883 autem
411 1842 500 1883 istae
542 1843 768 1883 mutationes
801 1843 902 1891 sint,
962 1840 1134 1881 nondum
1179 1841 1549 1895 determinauerunt‚

236 1917 420 1961 quantum
454 1907 568 1957 noui,
611 1906 774 1959 Physici.
858 1907 986 1948 Prima
1019 1906 1175 1960 quidem
1212 1906 1333 1947 fronte
1368 1918 1549 1962 apparet,

236 1973 311 2013 tale
354 1972 662 2027 experimentum
708 1982 855 2024 praeter
898 1971 1114 2026 simplicem
1148 1972 1411 2024 cognitionem
1446 1972 1553 2014 huius

235 2038 360 2079 variae
394 2038 604 2078 affec‘tionis
624 2067 634 2083 ,
687 2036 739 2076 nil
774 2037 942 2078 vtilitatis
977 2037 1139 2078 afferre:
1191 2034 1294 2078 Cum
1327 2050 1423 2078 vero
1458 2052 1552 2092 aqua

234 2103 317 2144 talis
338 2134 348 2153 ,
381 2103 497 2156 qualis
529 2103 568 2143 in
600 2101 677 2142 hoc
710 2102 838 2142 nostro
874 2102 1031 2143 flumine
1065 2103 1300 2153 continetur,
1348 2104 1464 2144 etiam
1502 2106 1552 2144 ita

236 2167 368 2221 frigide
401 2167 527 2209 hausta
562 2167 818 2222 plurimorum
852 2168 928 2209 vsui
963 2168 1133 2208 inseruiat
1154 2199 1164 2218 ,
1208 2178 1247 2208 et
1278 2170 1449 2222 corporis
1480 2167 1553 2208 liu-

237 2233 343 2274 mani
372 2232 532 2285 viscera,
567 2233 669 2289 queis
696 2234 899 2288 ingeritur,
939 2233 1047 2275 miris
1066 2233 1198 2277 caloris
1217 2243 1255 2275 et
1273 2234 1420 2288 frigoris
1439 2232 1553 2271 vicis-

830 2297 868 2338 H
888 2297 915 2339 h
949 2312 972 2352 3
1457 2295 1546 2340 situ-
