2014 2761
343 156 784 207 COGrTATrONES
822 152 1325 203 PHYSIOLOGICAE.
1395 165 1484 211 285

293 286 326 335 ξ.
358 296 400 334 7.
458 283 554 326 Non
582 293 711 324 autem
739 284 835 323 circa
867 280 1055 335 generalia
1083 281 1153 321 ista
1176 282 1224 331 (<5.
1249 294 1269 331 5
1315 287 1339 321 6
1366 288 1377 326 i
1407 295 1495 323 ver-

173 350 270 390 satur
302 348 469 404 praesens
504 350 631 390 nostra
663 348 944 400 considerati03
994 347 1053 386 led
1090 347 1211 399 magis
1244 349 1495 388 determinate

173 414 265 455 scire
296 424 479 468 oportet:
517 428 564 455 an
598 414 799 468 grauitatio
837 412 1018 466 {anguinis
1052 422 1206 451 motum
1241 415 1291 452 iui
1325 414 1362 452 in
1399 414 1494 453 valis

175 475 444 532 promoueat?
496 480 570 519 siue
595 506 605 526 ‚
657 492 703 518 an
737 488 865 518 motus
898 477 1006 517 huius
1037 476 1192 529 liquoris
1229 477 1389 520 celerior
1427 478 1494 520 fiat

174 557 227 586 cx
257 557 326 596 eo,
359 544 463 598 quod
494 544 674 596 grauitate
710 542 770 583 sua
803 541 979 582 deorsum
1015 538 1172 581 tendat?

287 675 320 724 §.
361 679 402 715 8.
470 673 632 716 Maioris
671 672 949 714 dilucidationis
989 683 1084 725 ergo
1128 684 1208 712 non
1247 672 1379 714 inutile
1423 675 1496 716 erit

167 740 436 794 praemittere,
472 740 560 793 quid
588 739 673 789 alii,
710 747 748 778 et
773 737 903 791 quibus
931 737 1134 777 rationibus
1161 738 1208 777 de
1237 737 1313 778 hoc
1341 741 1401 789 (ξ.
1426 744 1490 790 7.)

167 805 407 858 problemate
433 804 673 844 disseruerint.
744 803 967 859 Quaesitum
998 803 1104 842 enim
1133 801 1223 842 fuit:
1255 816 1303 843 an
1332 805 1489 845 arteriae

165 869 314 909 iuncstae
349 883 437 910 cum
470 869 575 908 venis
610 865 728 920 (Cap.
759 865 795 907 l.
833 869 866 917 ξ.
896 870 989 915 12.)
1023 880 1096 920 pro
1129 867 1291 920 siphone
1325 871 1389 909 vel
1425 880 1486 911 tu-

164 933 218 973 bis
253 933 623 974 communicantibus
657 932 788 973 haberi
821 927 987 985 possint?
1027 944 1073 971 an
1106 931 1218 984 igitur
1249 933 1412 986 sanguini
1448 935 1488 976 in

162 995 221 1038 his
258 998 352 1039 vasis
384 1010 568 1040 contento
603 999 707 1039 idem
744 997 908 1047 accidat,
947 997 1049 1050 quod
1079 997 1160 1036 aliis
1189 997 1416 1052 liquoribus,
1450 1012 1484 1040 e.

162 1075 218 1116 gr.
249 1076 366 1117 aquae
393 1065 431 1105 in
457 1065 532 1105 istis
559 1064 655 1104 tubis
683 1063 851 1104 accidere
878 1058 1210 1116 deprehenditur?
1243 1064 1371 1117 Atque
1390 1064 1487 1106 hanc

163 1128 317 1181 quidem
346 1130 603 1184 quaestionem
629 1129 728 1171 adeo
756 1129 917 1169 firmiter
945 1128 1220 1168 coniunxerunt
1254 1142 1342 1169 cum
1373 1143 1487 1183 prae-

162 1195 318 1234 cedente
351 1189 409 1240 (ξ.
433 1200 526 1245 7.),
583 1205 624 1234 vt
655 1199 716 1248 qui
752 1193 851 1234 hanc
885 1193 1067 1233 vltimam
1101 1193 1351 1233 affeuerarunt
1371 1225 1381 1244 ‚
1433 1207 1482 1235 eo

161 1257 244 1311 ipso
278 1259 447 1312 primam
475 1272 624 1313 quoque
653 1259 814 1299 stabilire
842 1258 1063 1309 crederent3
1098 1258 1161 1309 qui
1189 1269 1282 1297 vero
1310 1258 1481 1312 primam

162 1335 298 1376 negare
331 1326 627 1374 contenderunt,
667 1321 874 1364 satisfecisse
907 1321 1021 1375 scopo
1058 1331 1317 1373 autumarent,
1358 1323 1385 1364 fi
1420 1324 1483 1364 vl-

159 1388 297 1428 timam
336 1389 605 1429 destruxissent.
674 1388 877 1440 Exemplo
910 1387 982 1425 fiut
1017 1384 1227 1440 Pet-quemn
1255 1398 1293 1427 et
1322 1386 1483 1429 Guiliel-

158 1454 259 1494 mini.
324 1451 394 1492 Ille
427 1452 645 1507 sanguinem
680 1451 745 1492 suo
779 1452 941 1505 proprio
975 1451 1143 1504 pondere
1179 1452 1331 1491 moueri
1365 1466 1481 1506 nega-

158 1520 211 1557 uit
243 1530 292 1558 ex
325 1530 374 1558 eo
400 1549 410 1567 ‚
461 1519 562 1572 quod
597 1516 679 1557 vasa
712 1515 942 1570 sanguivclia
976 1515 1167 1555 rationem
1202 1515 1367 1570 siphonis
1401 1531 1479 1559 non

157 1581 350 1632 habeant,
398 1593 506 1637 atque
539 1582 639 1623 hanc
672 1581 1013 1623 dissimilitudinem
1049 1582 1282 1635 argumentis
1313 1583 1478 1637 quiuqu'e

158 1648 352 1689 adstruxit.
429 1652 492 1697 1.)
525 1648 624 1705 Quia
659 1648 697 1686 in
731 1646 891 1700 siphone
924 1646 1092 1685 transitus
1124 1646 1279 1699 liquoris
1314 1659 1363 1686 ex
1399 1661 1479 1689 vno

160 1724 267 1753 crure
286 1714 323 1752 in
343 1711 441 1753 aliud
468 1713 534 1753 fiat
561 1724 741 1767 tempore
762 1713 924 1752 eodem:
960 1711 997 1749 iu
1024 1709 1116 1749 vasis
1143 1720 1271 1751 autem
1301 1712 1474 1768 ditier1o3

160 1783 217 1825 2.)
251 1779 334 1831 quia
368 1777 478 1829 ligata
509 1791 605 1819 vena
637 1777 794 1831 iugulari
830 1776 972 1828 sanguis·
1005 1774 1257 1815 nihilominus
1289 1777 1394 1829 supra
1428 1779 1476 1818 li-

153 1853 328 1896 gaturam
370 1852 569 1897 accurrat·⁷
628 1849 688 1893 3.)
729 1843 814 1896 quia
848 1842 887 1881 in
924 1841 1104 1881 cadauere
1140 1852 1259 1881 venae
1300 1851 1477 1896 turgeant

153 1908 342 1948 euacuatis
374 1907 541 1961 arterii53
588 1910 648 1958 4.)
683 1908 769 1960 quia
804 1918 904 1947 vena
942 1906 1091 1946 cruralis
1125 1905 1236 1959 ligata
1272 1919 1473 1950 euacuetur

154 1976 274 2013 verius
308 1985 398 2024 cor·⁷
438 1975 498 2022 5.)
531 1972 616 2025 quia
649 1971 780 2012 arteria
813 1971 963 2012 cruralis
998 1971 1110 2025 ligata
1145 1981 1345 2013 euacuetur
1381 1986 1473 2015 ver-

152 2037 205 2079 sus
251 2048 437 2077 extrema.
536 2035 763 2078 Guilz‘elmini
804 2047 967 2087 contra,
1021 2038 1246 2091 grauitatem
1288 2037 1474 2092 sanguinis

155 2112 311 2143 motum
345 2103 395 2143 sui
428 2103 602 2144 adiuuare
635 2102 757 2143 afferit
788 2114 839 2143 ex
871 2114 942 2153 eo,
989 2103 1092 2157 quod
1125 2102 1325 2144 secundum
1361 2116 1471 2145 natu-

154 2179 238 2209 ram
268 2164 484 2226 {fluidorum
529 2168 670 2225 partim
711 2167 976 2222 aequilibrium
1017 2169 1058 2212 in
1094 2168 1190 2215 vasis
1230 2167 1470 2210 inferioribus

1267 2242 1465 2286 tamquam
