2014 2761
267 1838 370 1877 rigum
398 1846 428 1870 ι.

452 185 543 225 124
929 172 1015 216 DE
1050 172 1298 217 SVMMIS

558 295 592 344 ξ.
632 306 671 334 2.
708 290 916 334 Deductus
952 294 1033 334 sum
1069 303 1203 334 autem
1245 304 1369 346 nuper
1413 292 1584 332 omnino
1628 294 1761 347 inopi-

443 368 537 401 nato
571 359 620 400 ad
653 358 878 412 elegantem
914 358 1089 397 summae
1125 358 1239 397 huius
1258 355 1367 397 seriei
1402 370 1419 394 1
1439 364 1759 411 -1-52-4-34-,15

443 431 596 471 —}-etc.
635 423 953 478 expressionem,
989 435 1085 475 quae
1121 435 1141 462 a
1177 421 1313 461 circuli
1334 422 1561 475 quadratura
1599 424 1765 476 pendet,

443 490 522 542 ita,
560 498 604 529 vt
636 489 662 530 fi
695 488 808 528 huius
844 487 953 527 seriei
977 500 1066 526 veru
1089 485 1240 526 summa
1262 485 1500 537 haberetur,
1534 488 1625 527 inde
1654 488 1765 529 simul

443 553 581 596 circuli
615 554 844 607 quadratur-,1
881 550 1113 604 sequeretur.
1182 550 1321 590 Inueni
1356 551 1464 590 enim
1494 550 1669 592 summac
1691 553 1767 593 hu-

442 620 500 660 ius
536 617 647 658 seriei
681 616 905 668 sextuplum
933 614 1094 669 aequale
1114 612 1191 654 effe
1212 615 1399 669 quadrato
1421 616 1666 669 peripheriae
1687 619 1768 657 cir-

443 684 548 734 culi,
583 684 688 722 cuius
720 682 917 721 diameter
951 680 1004 719 est
1043 692 1094 732 1²,
1131 679 1190 719 [eu
1226 679 1353 733 posita
1388 680 1496 719 istius
1528 679 1636 721 seriei
1658 683 1762 722 {um-

445 760 512 788 ma
546 759 656 798 Ξῖ,
692 744 842 785 tenebit
877 741 991 784 V6s
1038 744 1085 784 ad
1124 757 1141 782 1
1183 745 1382 784 rationem
1420 743 1671 798 peripheriae
1715 748 1762 787 ud

445 812 699 853 diametrum.
768 809 895 849 Huius
928 819 1061 849 autem
1097 807 1206 848 seriei
1241 809 1437 849 summum
1459 822 1584 862 nuper
1614 810 1764 851 ostendi

446 877 637 932 proxime
656 872 733 915 effe
758 888 776 913 1
797 907 808 926 ,
831 876 1460 924 6449340668482264364,
1493 886 1544 912 ex
1565 875 1670 914 cuius
1691 888 1766 916 nu—

447 941 551 983 meri
584 939 790 993 sextuplo,
825 938 852 979 fi
887 937 1116 978 extrahatur
1150 938 1264 978 radix
1283 939 1490 992 quadrata,
1526 938 1647 991 reipfii
1668 953 1767 992 pro-

447 1006 507 1046 dit
543 1017 728 1045 numerus
764 1017 786 1054 3
807 1035 818 1055 ,
844 1005 1407 1053 141592653589793238
1439 1004 1667 1055 exprimen:
1686 1005 1765 1044 cir-

447 1071 525 1111 culi
562 1068 858 1123 pmiphefflm,
893 1068 1000 1107 cuius
1032 1067 1226 1108 diameter
1259 1068 1312 1108 est
1350 1080 1386 1105 1.
1458 1066 1603 1107 Iisdam
1644 1081 1766 1120 porro

448 1135 648 1187 vestigiis,
684 1133 822 1188 quibus
854 1132 957 1172 hanc
977 1131 1171 1173 summam
1193 1133 1274 1172 sum
1296 1130 1547 1183 consecutus,
1582 1132 1768 1172 incedens

448 1198 562 1240 huius
595 1197 706 1238 seriei
745 1211 762 1236 1
791 1204 857 1243 —4-
881 1204 914 1244 1¹3
936 1203 1002 1242 -4—
1023 1203 1278 1247 gf÷ffgff÷
1295 1203 1345 1246 δὲ
1366 1202 1430 1240 -†-
1451 1206 1528 1235 etc.
1568 1194 1767 1236 summam

448 1274 607 1317 quoque
640 1275 662 1302 a
700 1262 930 1315 quadratura
965 1260 1103 1300 circuli
1140 1262 1314 1313 pendere
1349 1259 1605 1312 deprehendi.
1644 1258 1770 1301 Sum-

449 1340 517 1369 ma
553 1339 700 1380 nempe
733 1327 815 1367 eius
848 1337 917 1379 per
951 1338 1010 1374 90
1035 1324 1294 1377 multiplicata
1315 1325 1381 1363 dat
1401 1323 1671 1376 biquadratum
1696 1338 1770 1378 pe-

448 1391 651 1446 ripheriae
684 1389 845 1437 circuli,
882 1389 992 1425 cuius
1032 1388 1227 1426 diameter
1268 1388 1321 1426 est
1370 1399 1407 1424 1.
1474 1387 1605 1439 Atque
1648 1388 1766 1428 fimili

449 1456 604 1496 ratione
638 1453 759 1492 etiam
792 1449 1035 1503 sequentium
1074 1448 1284 1501 serierum,
1323 1450 1363 1488 in
1401 1449 1537 1502 quibu>
1558 1462 1767 1504 exponen-

451 1529 509 1559 tes
540 1517 777 1571 dignitatum
815 1514 901 1555 sunt
934 1515 1090 1555 numeri
1125 1527 1261 1569 pares,
1300 1514 1472 1556 summas
1502 1515 1771 1558 determinare

451 1584 581 1638 potui.

569 1650 602 1698 §.
644 1661 687 1698 3.
725 1648 821 1704 Quo
855 1646 997 1700 igitur,
1035 1645 1371 1698 quemadmodum
1407 1644 1503 1685 haec
1536 1645 1617 1687 sum
1647 1647 1768 1701 adep-

451 1722 538 1766 tus,
573 1711 896 1754 commodissime
916 1710 1121 1751 ostendam
1137 1741 1148 1762 ,
1184 1720 1312 1750 totam
1334 1723 1418 1751 rem
1435 1742 1445 1761 ,
1481 1724 1559 1764 quo
1579 1710 1660 1764 ipse
1683 1709 1770 1752 νῆις·

451 1779 563 1829 sum,
596 1778 737 1818 ordine
775 1788 993 1829 exponam.
1056 1773 1102 1814 In
1135 1774 1285 1814 circulo
1305 1774 1552 1817 AMBNA
1572 1786 1711 1816 centro
1732 1775 1767 1817 C

451 1843 565 1885 radio
599 1840 684 1883 AC
718 1842 783 1882 vel
816 1838 894 1882 BC
905 1852 994 1880 :1
1032 1837 1228 1892 descripto
1264 1840 1555 1894 contemplatus
1591 1841 1671 1881 sum
1703 1854 1770 1882 ar-

452 1919 546 1948 cum
581 1919 853 1959 quemcunque
889 1903 1016 1955 AM,
1047 1904 1154 1943 cuius
1187 1903 1285 1944 finus
1306 1904 1491 1958 estMP,
1524 1906 1673 1946 coffinus
1692 1918 1767 1945 ve-

452 1984 502 2012 ro
535 1968 624 2011 CP.
692 1971 824 2011 Pofito
857 1981 959 2009 nunc
991 1980 1081 2007 arcu
1117 1968 1337 2022 AM:s‚
1372 1970 1450 2011 sui-u
1484 1970 1695 2022 PM:.y‚
1726 1978 1768 2008 et

453 2035 585 2076 cosmu
619 2033 653 2076 C
665 2035 820 2087 P:x‚
855 2046 925 2087 per
959 2031 1195 2074 methodum
1234 2034 1313 2074 iam
1351 2034 1436 2074 satis
1456 2035 1657 2087 cognitam
1679 2042 1763 2072 tam

452 2099 549 2144 finus
567 2114 603 2154 y
638 2112 757 2155 quam
792 2099 941 2142 cosmus
973 2110 1001 2139 x
1032 2109 1084 2140 cx
1117 2098 1211 2140 dato
1245 2111 1337 2141 arcu
1369 2113 1389 2141 s
1419 2111 1490 2154 per
1524 2097 1638 2139 series
1674 2096 1765 2150 pos-

1678 2159 1765 2201 sunt
