2014 2761
363 1344 465 1383 Figura
494 1357 524 1385 4.

562 205 654 246 290
732 187 821 234 DE
853 183 1309 235 CIRCVLATIONE
1340 183 1682 238 SANGVINIS

674 309 694 359 ξ
744 320 816 361 15.
872 309 939 351 Ne
972 320 1068 351 vero
1103 308 1192 351 huic
1224 309 1402 364 sanguinis
1431 311 1671 365 grauitationi
1703 323 1865 357 omnem

555 373 658 414 fliam
694 374 899 416 vtilitatem
933 375 1183 429 denegemus,
1218 387 1297 414 non
1327 376 1549 430 negligenda
1575 377 1647 416 erit
1674 379 1863 433 conditio,

554 450 670 492 quam
704 437 882 479 haetenus
914 439 1006 481 vafis
1041 440 1174 480 nostris
1205 440 1573 482 communicantibus
1609 442 1658 491 (ξ.
1683 447 1771 494 12.)
1807 452 1867 484 ta-

556 504 629 544 cite
664 501 898 545 affinximus.
999 502 1328 546 Considerauimus
1363 518 1505 559 nempe
1538 505 1722 558 effeetus,
1766 508 1864 561 quasi

554 580 645 609 cum
676 567 776 608 tubis
807 569 933 623 rigidis
966 581 1024 610 res
1055 570 1164 610 nobis
1195 570 1315 622 effet,
1359 570 1421 624 qui
1456 579 1584 611 tamen
1615 572 1655 612 in
1689 571 1866 613 animali-

554 633 619 673 bus
650 632 790 674 elastici
822 633 903 674 sunt
937 631 1060 689 (Cap.
1081 633 1115 674 I.
1151 635 1181 684 ξ,
1208 638 1277 685 9.)
1309 643 1345 674 et
1380 635 1594 676 extensiles.
1680 637 1867 692 Quamuis

551 697 665 752 igitur
700 698 895 753 probabile
929 711 1007 739 non
1041 699 1213 739 videatur
1246 700 1328 748 (ξς.
1365 712 1440 750 13.
1476 704 1604 750 14.),
1655 713 1724 753 per
1754 700 1865 742 illam

550 764 775 818 promoueri
809 763 914 817 poffe
948 762 1231 804 transfusionem
1271 774 1338 816 per
1369 764 1627 804 extremitates
1657 763 1866 818 capillares,

551 838 613 870 aut
653 828 876 869 effusionem
910 828 949 868 in
982 840 1078 868 cor:
1131 836 1287 878 tamen,
1342 828 1427 879 quia
1459 827 1598 879 sanguis
1631 840 1709 868 non
1740 827 1864 871 solum

552 894 591 932 in
619 893 720 933 bafin
743 895 917 933 vasorum
934 924 944 943 ,
977 892 1100 935 sedet
1126 892 1172 931 ad
1200 891 1313 931 latera
1342 891 1497 932 illorum
1520 891 1682 946 (Cap.1.
1705 895 1775 943 §.6
1783 899 1862 945 .9.)

551 959 726 1010 premit:
781 967 930 996 eatenus
973 955 1064 996 hacc
1107 954 1244 1008 pressio
1285 956 1574 1008 promotionem
1608 956 1790 1009 sauguinis
1822 959 1863 999 in

551 1029 657 1061 aorta
698 1020 940 1060 descendente
971 1020 1147 1059 adiuuare
1178 1020 1357 1059 censenda
1391 1020 1444 1059 est
1466 1050 1477 1070 ,
1529 1030 1703 1073 quatenus
1746 1020 1862 1064 latera

550 1086 625 1125 eius
657 1085 859 1124 extendere
895 1085 1053 1130 nititur,
1098 1093 1136 1123 et
1168 1084 1416 1139 capacitatem
1452 1095 1528 1139 pro
1559 1084 1732 1137 sanguine
1765 1087 1864 1126 reci-

549 1149 693 1202 piendo
727 1149 960 1204 ampliorem
993 1147 1128 1189 reddit.
1572 1165 1588 1168 >⁷

667 1273 703 1322 ὃ.
741 1285 812 1321 16.
867 1281 1025 1333 Restat,
1061 1290 1102 1320 vt
1122 1281 1411 1330 examinemus,
1448 1281 1536 1333 quid
1554 1281 1600 1321 de
1620 1280 1717 1321 tubis
1735 1280 1863 1323 ascen-

547 1343 717 1385 dentibus
736 1348 782 1396 (ξ.
803 1359 820 1384 1
836 1352 892 1398 1.)
912 1346 986 1386 dici
1008 1345 1132 1399 poffit.
1202 1346 1350 1386 Verum
1378 1346 1533 1400 quidem
1563 1346 1638 1397 est,
1674 1346 1700 1387 si
1721 1347 1798 1387 tubi
1816 1347 1860 1388 A

547 1418 583 1447 et
612 1409 670 1459 B,
707 1422 775 1463 per
801 1410 1019 1463 capillarem
1048 1408 1083 1449 C
1111 1409 1353 1448 cohaerentes
1377 1423 1470 1461 aqua
1497 1410 1745 1461 impleantur,
1779 1412 1861 1451 sore

545 1482 589 1512 vt
616 1472 708 1512 haec
735 1472 865 1513 effluat
894 1486 944 1513 ex
973 1474 1066 1512 tubo
1092 1472 1290 1524 longiore,
1311 1470 1368 1520 B,
1402 1473 1546 1512 etiamsi
1569 1473 1718 1512 tubulus
1740 1471 1773 1513 C
1793 1487 1862 1514 ca-

546 1535 685 1590 pillatis
704 1536 832 1578 suerit:
870 1538 969 1577 vnde
996 1536 1223 1590 sequeretur,
1262 1537 1449 1576 rationem
1470 1536 1715 1577 sufficientem
1737 1539 1861 1580 adesse

546 1601 797 1641 circulationis
829 1614 897 1656 per
929 1602 1012 1641 vasu
1046 1601 1235 1654 capillaria
1268 1600 1485 1653 cephalica,
1521 1601 1731 1654 imprimis,
1770 1605 1859 1656 quia

547 1665 681 1719 paullo
712 1666 866 1706 inferior
885 1679 1005 1706 venae
1035 1666 1185 1705 insertio
1204 1667 1242 1705 in
1260 1679 1328 1706 cor
1347 1664 1432 1707 huic
1453 1666 1624 1719 opinioni
1645 1667 1859 1720 plurimum

548 1729 672 1771 finiere
693 1731 851 1771 videtur,
921 1732 977 1771 At
996 1743 1112 1777 vem,
1144 1731 1294 1784 primo,
1323 1740 1368 1770 vt
1396 1731 1705 1784 experimentum
1731 1731 1858 1773 succe-

548 1796 633 1844 dat,
670 1796 827 1849 supponi
847 1796 981 1846 debet,
1017 1795 1124 1835 tubos
1151 1795 1221 1834 effe
1250 1795 1436 1848 repletos:
1471 1807 1564 1847 ergo
1582 1796 1721 1848 languis
1740 1797 1776 1836 in
1797 1811 1863 1838 ur·-

547 1861 656 1900 terias
684 1873 835 1902 vacuas
863 1873 1069 1914 numquam
1097 1858 1280 1899 alcendet.
1347 1858 1523 1910 Deinde,
1561 1859 1588 1899 si
1615 1861 1679 1900 ille
1707 1874 1856 1916 quoque

545 1935 612 1977 per
631 1925 746 1965 aliam
765 1937 1023 1978 quamcunque
1048 1924 1258 1977 potentiam
1288 1936 1364 1963 uon
1393 1924 1514 1965 {olum
1543 1924 1765 1976 ascenderit,
1795 1927 1856 1968 scd

545 1997 582 2027 et
616 1989 808 2042 capillares
840 1990 983 2030 tubulos
1018 1988 1094 2027 iam
1132 1989 1361 2037 u·-.msiucrit,
1396 1998 1437 2028 vt
1472 1991 1509 2028 in
1543 1991 1647 2030 venis
1678 1990 1743 2030 suo
1776 1991 1859 2031 solo

549 2053 712 2105 pondere
756 2053 975 2094 descendere
1019 2053 1163 2106 posset:
1220 2055 1254 2094 id
1292 2064 1418 2094 tamen
1455 2067 1662 2106 numquam
1697 2065 1855 2108 propter

548 2116 830 2158 {itnilitudiuein
868 2118 1040 2158 valinum
1087 2132 1173 2158 cum
1219 2118 1377 2171 siplioue
1419 2119 1476 2158 led
1513 2118 1598 2158 alins
1635 2118 1686 2157 ob
1720 2121 1858 2160 causs‘as

546 2183 704 2222 eueniet.
776 2183 875 2240 Quia
904 2184 1008 2224 euim
1038 2184 1132 2224 ratio
1161 2182 1311 2238 physica
1342 2184 1593 2238 experimenti
1614 2183 1650 2223 in
1670 2184 1856 2238 pressione

1762 2263 1857 2294 aeris
