2014 2761
219 582 1468 730 CAVSTICADZYCLOIDIS-

715 744 972 782 AVTORE

623 801 701 863 G.
741 804 843 867 W.
885 801 1100 887 Kraffi.

790 964 823 1013 (5.
866 973 907 1003 ι.

192 1040 496 1316 'DVO
530 1045 635 1088 casus
676 1046 859 1101 distingui
905 1046 1063 1101 possunt
1095 1046 1199 1088 circa
1241 1044 1511 1101 quaestionem
1544 1042 1660 1075 Tabula
1682 1042 1705 1074 ²-

462 1112 510 1154 de
543 1110 723 1154 caustica
758 1110 988 1164 Cycloidis,
1023 1124 1146 1165 mus,
1190 1112 1254 1166 qui
1299 1111 1378 1163 est,
1418 1122 1513 1151 cum

463 1177 560 1219 radii
595 1178 812 1219 incidentes
846 1176 1025 1231 paralleli
1059 1177 1144 1218 sunt
1176 1177 1225 1218 ad
1253 1176 1419 1227 Axem,
1453 1175 1516 1216 al-

466 1251 523 1281 ter
556 1255 680 1294 vero,
713 1256 804 1283 cum
840 1242 962 1282 iidem
995 1242 1177 1296 paralleli
1197 1240 1347 1282 suntad
1374 1239 1514 1290 ssafin,

467 1304 578 1340 datae
612 1303 831 1349 Cycloidis.
900 1304 945 1342 In
980 1306 1053 1342 illo
1086 1306 1169 1345 casu
1201 1304 1378 1346 caustica
1415 1303 1515 1344 haec

195 1361 298 1401 nihil
332 1359 437 1399 aliud
471 1359 548 1408 est,
584 1373 701 1414 quam
736 1361 810 1399 alia
847 1371 949 1398 nona
969 1362 1155 1413 Cyclois3
1194 1364 1233 1399 in
1260 1364 1341 1401 hoc
1360 1376 1514 1417 autem,

195 1437 286 1465 cum
323 1421 405 1462 scil.
439 1423 536 1464 radii
571 1424 788 1464 incidentes
823 1421 905 1462 sunt
939 1424 986 1464 ad
1020 1421 1133 1464 Balin
1166 1424 1372 1478 paralleli,
1407 1423 1517 1465 Cau-

198 1489 285 1529 stica
319 1487 464 1527 exinde
497 1497 584 1527 orta
621 1488 709 1528 talis
741 1488 795 1528 est
828 1487 999 1540 figurae,
1036 1498 1079 1528 vt
1110 1499 1286 1529 ¹matrem
1304 1488 1411 1530 suam
1432 1489 1516 1529 mi-

198 1555 309 1594 nime
340 1550 486 1595 referre
519 1553 722 1605 videatur,
756 1565 882 1606 neque
918 1552 1043 1594 statim
1078 1563 1290 1608 appareat,
1322 1553 1373 1594 ad
1391 1554 1517 1608 quod-

194 1630 291 1661 nam
324 1628 447 1672 genus
481 1614 701 1657 Cumarum
722 1617 855 1657 reduci
880 1616 1004 1670 polilt.
1072 1618 1213 1671 Figura
1231 1616 1316 1658 scil:
1352 1619 1434 1659 eius
1461 1630 1515 1659 ex

200 1681 267 1727 Jll.
300 1676 509 1741 ,Hsgspitalt'i
552 1681 712 1734 Analyfi
752 1681 906 1722 infinite
950 1695 1166 1735 paritorum
1205 1685 1229 1732 ξ
1294 1695 1395 1734 123.
1440 1681 1516 1723 huc

202 1745 410 1796 trans1lata‚
447 1745 532 1785 talis
565 1746 649 1797 est,
687 1758 783 1800 quae
827 1756 990 1799 apparet
1032 1745 1241 1797 AFKD,
1277 1748 1344 1788 vbi
1384 1747 1518 1788 radius

205 1810 374 1850 incidens
408 1809 494 1851 PM
529 1810 576 1851 ad
610 1809 720 1852 Basin
762 1808 848 1850 BD
892 1811 945 1851 est
988 1810 1216 1866 parallelus,
1249 1812 1377 1852 radius
1419 1824 1518 1852 vero

207 1873 375 1915 reflexus
408 1874 461 1914 est
494 1874 609 1927 ΜΡ,
654 1875 762 1915 cuius
795 1874 1003 1927 longitudo
1052 1875 1224 1928 aequalis
1256 1874 1332 1916 esse
1375 1874 1518 1928 debet,

209 1945 262 1977 ex
296 1938 390 1977 loco
423 1939 490 1978 cit.
527 1939 746 1993 applicatae
777 1939 859 1980 ΡΝ
895 1940 1035 1980 circuli
1073 1941 1317 1992 generatoris
1362 1938 1521 1980 ANB.

210 2001 473 2055 proprietates
513 2001 628 2044 huius
666 2001 867 2045 Causticae
921 2000 1153 2058 Hospitalius
1203 2003 1378 2045 recenset
1429 2002 1515 2043 has:

217 2078 255 2104 1.
279 2075 324 2106 vt
342 2065 530 2118 punctum
552 2067 582 2107 F
601 2068 649 2108 ab
682 2080 758 2109 axe
792 2069 836 2109 sit
862 2059 1197 2120 remotissimum,
1231 2069 1380 2109 radium
1419 2068 1519 2107 inci-

207 2130 373 2171 dentem
405 2129 550 2172 debere
583 2133 798 2186 procedere
841 2147 894 2176 ex
933 2142 1070 2175 centro
1121 2132 1257 2174 circuli
1304 2141 1520 2188 generato-

808 2199 845 2239 A
879 2211 904 2237 2
1467 2198 1522 2237 ris
