2014 2761
728 183 843 248 Chsen‘z
877 193 968 259 ςὶἶιι.
1404 217 1427 256 3
1436 207 1496 256 69

180 335 379 382 praccepta
415 325 601 366 destinato
639 325 858 378 principum
894 324 1052 365 consilio
1085 324 1337 366 veliementer
1370 325 1505 365 aduer-

181 392 363 432 tabautur.
432 390 582 431 Idcirco
608 388 675 432 Xi
703 389 833 431 Hoam
861 386 923 443 Ty
956 403 1045 430 cum
1078 392 1232 430 tandem
1270 401 1400 444 optata
1438 402 1504 430 ce-

182 466 354 498 terorum
387 456 628 510 principum,
663 465 701 495 et
728 456 903 495 maxime
930 456 1124 496 maiorum
1151 456 1290 496 domus
1315 455 1395 496 suae
1424 455 1503 495 im·-

184 521 380 576 petraffet‚
414 519 669 574 oppreffisque
704 529 762 559 tot
796 519 952 572 regulis,
983 520 1143 560 solidum
1177 520 1385 574 imperium
1420 519 1504 574 ple-

184 600 231 626 na
266 584 446 639 potestate
480 584 732 637 gubernaret,
787 582 884 623 hanc
926 597 1014 624 cum
1057 584 1374 639 philosophorum
1417 597 1501 625 tum

185 650 451 692 historicorum
484 649 654 689 seditioni
691 648 807 688 nimis
842 649 965 690 seuere
1001 649 1182 703 repressit.
1283 648 1358 691 Sed
1391 650 1502 690 vide-

186 716 249 755 bat
269 746 280 762 .,
323 713 592 756 monarchiam
625 713 824 755 consistere
858 726 935 754 non
970 715 1096 769 posse,
1135 714 1202 757 uisi
1239 713 1385 755 infinita
1421 714 1503 769 pri-

187 780 270 821 stini
313 780 420 820 status
442 811 452 829 ‚
508 789 714 832 Vtcumque
747 777 948 819 turbulenti
982 789 1021 820 et
1054 780 1093 819 in
1128 792 1341 821 commune
1374 779 1503 835 perni-

187 845 277 885 ciosi
301 875 310 893 ,
355 844 588 885 existimatio
620 855 672 884 ex
708 844 844 885 animis
874 843 1085 886 hominum
1117 845 1157 886 vi
1190 846 1368 886 maxima
1402 845 1502 886 illata

185 910 461 963 exstirparetur.

302 1015 495 1069 Principio
520 1011 632 1057 Sinae
661 1014 788 1057 multo
823 1015 1035 1058 minoribus
1067 1017 1240 1059 terminis
1271 1019 1507 1060 circumscri-

186 1089 272 1135 ptae
300 1079 468 1132 fuerunt,
503 1093 619 1135 quam
650 1094 747 1122 nunc
774 1081 865 1123 sunt.
937 1081 1114 1124 Confucii
1148 1093 1270 1124 aetate
1303 1085 1377 1126 fere
1410 1087 1506 1126 intra

186 1144 257 1185 lios
290 1146 449 1195 limites,
484 1158 575 1200 quos
610 1159 706 1187 nunc
743 1147 805 1188 sub
838 1148 952 1191 borea
985 1157 1023 1189 et
1056 1149 1255 1189 occidente
1288 1163 1418 1190 murus
1442 1148 1504 1193 Si„

185 1211 287 1250 nicus
306 1210 460 1261 definit,
498 1220 537 1250 ct
556 1211 817 1253 florentiffima
846 1212 999 1266 quidem
1031 1226 1113 1266 pars
1143 1227 1273 1254 earum
1303 1215 1398 1254 intra
1428 1214 1506 1258 flu-

186 1275 268 1316 uios
295 1274 424 1316 Hoam
451 1285 488 1315 ct
513 1276 632 1318 Kiam
665 1287 773 1330 atque
807 1290 967 1331 reguum
996 1275 1100 1319 Xan
1126 1284 1203 1319 tum
1230 1277 1505 1333 comprehensi}

187 1338 268 1380 fuit.
336 1338 470 1402 Quam
502 1347 580 1381 tum
616 1348 653 1381 et
676 1341 814 1402 Quam
833 1339 891 1397 sy
926 1354 1044 1395 regna
1079 1340 1139 1382 sub
1172 1343 1298 1384 austro
1329 1344 1505 1389 maxima

186 1405 293 1444 annis
323 1406 481 1458 denique
512 1415 667 1447 centum
701 1417 739 1446 et
767 1407 993 1460 septuaginta
1022 1416 1107 1446 ante
1137 1404 1187 1448 C.
1217 1407 1273 1450 N.
1305 1407 1394 1449 huic
1426 1409 1506 1449 im-

188 1470 297 1522 perio
327 1469 393 1509 lese
427 1468 658 1510 subiecerunt
679 1501 689 1520 ‚
739 1482 827 1510 cum
863 1470 909 1511 ab
944 1471 1056 1511 omni
1089 1483 1187 1511 aeuo
1219 1471 1269 1512 sui
1301 1473 1388 1513 iuris
1418 1473 1508 1514 fuis-

189 1532 276 1573 sent.
344 1532 418 1574 Sed
453 1547 569 1587 neque
606 1535 780 1589 imperii,
820 1547 864 1574 ea
898 1548 991 1588 quae
1025 1548 1121 1576 nunc
1156 1537 1233 1587 est,
1273 1537 1408 1579 diuifio
1444 1539 1508 1579 lo-

189 1611 277 1638 cum
314 1599 477 1649 inuenit,
512 1611 633 1653 neque
660 1613 703 1640 ea
731 1600 795 1640 vel
821 1600 1099 1654 prouinciarum
1131 1602 1193 1642 vel
1222 1602 1396 1652 vrbium,
1433 1602 1507 1644 flu·-

193 1663 364 1713 uiorum,
402 1664 618 1714 montium,
655 1677 746 1718 quae
782 1664 895 1704 hodie
931 1665 1166 1706 celebrantur
1199 1667 1360 1707 nomina
1392 1668 1508 1708 exsti-

194 1736 327 1767 terunt.
417 1729 729 1785 Quotiescunque
761 1725 957 1783 Philippus
992 1726 1202 1787 Coztpletzts
1235 1731 1272 1770 in
1310 1731 1508 1773 vetustissi-

193 1804 260 1832 ma
289 1804 476 1832 memoria
503 1795 704 1847 regionum
735 1793 1011 1850 locorumque,
1046 1807 1140 1847 quae
1168 1808 1266 1835 nunc
1294 1793 1395 1847 sunt,
1434 1809 1509 1838 uo-

194 1857 299 1898 mina
337 1855 512 1904 adhibet,
559 1858 827 1900 historicorum
862 1856 1117 1901 recentiorum
1152 1859 1417 1902 auctoritatem
1454 1861 1510 1903 se-

193 1921 346 1975 quitur,
399 1921 461 1972 qui
494 1934 566 1974 pro
601 1923 776 1963 obsoletis
816 1923 1068 1970 substituerunt
1109 1936 1221 1965 noua.
1321 1925 1432 1968 Nam
1465 1937 1508 1969 vt

195 1986 294 2040 apud
328 1997 395 2025 nos
426 1986 543 2025 veteri
577 1986 614 2025 in
649 1986 760 2028 Latio
793 1997 830 2027 et
858 1984 1018 2029 Graecia
1052 1990 1235 2043 omnique
1264 1991 1408 2032 veteris
1441 2005 1510 2034 or-

195 2051 251 2091 blS
277 2049 515 2104 geopraphia
538 2052 832 2105 antiquariorum
861 2053 1035 2095 industria
1053 2054 1284 2107 elaborauit,
1322 2068 1371 2106 ne
1391 2069 1507 2111 quem

196 2127 246 2156 ex
280 2115 394 2169 prisca
430 2117 624 2157 memoria
658 2117 811 2164 locum,
847 2117 909 2157 vbi
937 2131 1034 2164 nunc
1064 2119 1148 2160 situs
1176 2120 1242 2170 sit,
1278 2133 1402 2174 quoue
1435 2133 1508 2160 no-

199 2180 304 2220 mine
341 2190 592 2235 nuncupetur,
637 2182 921 2236 ignoraremus,
962 2183 1014 2224 ita
1046 2185 1187 2229 eodem
1220 2185 1259 2227 in
1292 2185 1413 2227 fludio
1445 2183 1508 2224 Si-

840 2244 950 2289 Bbb
989 2261 1013 2289 2
1380 2247 1505 2290 nenses
