2014 2761
525 201 1019 248 DETERMINATlo.
1397 208 1454 258 87

138 322 211 366 sus.
283 320 400 366 Cum*
422 325 556 365 autem
592 323 682 364 istae
719 322 1012 366 obseruationes
1043 336 1172 379 neque
1207 323 1462 368 arefiastio-

141 389 254 430 nibus
300 389 370 430 sint
415 401 602 443 purgate,
647 401 770 443 neque
812 402 955 430 omnes
994 399 1040 430 vt
1084 390 1233 444 opinor
1273 391 1344 432 smt
1387 405 1456 432 ae-

141 466 216 508 que
254 453 382 494 bonae
415 453 651 504 censendae,
686 466 737 493 ex
781 453 828 494 iis
869 454 943 494 vix
984 454 1093 495 ausus
1123 454 1206 496 sum
1248 456 1454 511 quippiam

142 519 244 559 circa
278 517 368 558 solis
403 518 577 558 orbitam
610 518 862 557 concludere.
931 516 1036 559 Cum
1068 531 1163 559 vero
1192 519 1457 574 prolegome-

143 578 252 624 na'in
288 582 407 621 tertio
442 581 649 621 volumine
683 580 800 620 huius
831 581 967 633 operis
1001 583 1276 634 perlegissem,
1315 586 1460 639 depre-

141 646 259 688 hendi
292 645 575 701 Flanfieedium
609 643 701 683 huic
739 643 808 696 ipsi
852 644 1090 697 inquisitioni
1126 657 1291 699 operam
1328 649 1454 688 dedis-

142 713 203 761 se,
231 720 270 749 at
290 709 552 759 methodum,
593 720 667 762 qua
702 710 735 748 is
767 708 902 748 locum
938 711 1104 763 apogaei
1139 720 1179 749 et
1212 714 1458 753 excentrici-

139 785 263 816 tatem
299 774 453 814 orbitae
487 774 576 815 solis
617 771 803 826 affigo-are
847 773 998 813 annisus
1043 774 1113 825 est,
1157 775 1326 815 minime
1361 790 1460 830 pro-

141 839 233 880 bare
277 839 440 892 pofliim.
522 837 753 878 Veriffimas
795 839 904 878 enim
950 839 1085 891 primo
1139 838 1266 879 censet
1313 841 1461 882 tabulas

142 902 223 945 suas
257 913 391 944 motus
423 903 543 944 medii
577 902 690 954 solis,
725 902 774 942 de
811 903 951 956 quibus
985 904 1155 944 omnino
1192 904 1239 944 ad
1284 903 1362 944 hoc
1395 906 1462 945 in-

142 968 315 1009 stitutum
358 968 636 1023 exequendum
679 968 858 1008 dubitare
909 967 1126 1021 debuifset*⁷
1171 968 1314 1009 deinde
1361 982 1460 1010 vero

143 1032 277 1074 locum
321 1034 488 1086 apogaei
530 1043 685 1073 tantum
731 1032 930 1086 paulisper
986 1033 1214 1073 immutauit
1259 1034 1461 1074 excentri-

145 1097 272 1138 citatis
305 1098 410 1138 nulla
444 1097 576 1139 habita
611 1098 789 1148 tatione,
826 1110 907 1150 quo
951 1097 1022 1138 vni
1056 1098 1121 1138 vel
1167 1098 1279 1139 alteri
1325 1098 1462 1138 obser«

146 1162 294 1202 uationi
326 1161 571 1203 satisfaceret.
640 1161 772 1203 Facile
807 1172 937 1202 autem
973 1163 1227 1218 perspicitur,
1261 1162 1335 1203 hac
1372 1175 1462 1204 me-

145 1225 277 1268 thodo
312 1226 386 1267 vix
420 1229 628 1280 quicquam
663 1226 806 1281 profici
843 1222 967 1280 posse,

266 1354 299 1402 ξ.
341 1364 383 1401 3.
422 1348 587 1391 Interim
623 1361 757 1392 tamen
790 1348 1104 1404 obseruationes,
1145 1354 1283 1407 quibus
1326 1354 1464 1396 Flam-

147 1416 299 1458 steedius
339 1415 380 1453 in
422 1414 502 1453 hoc
547 1415 713 1466 negotio
765 1414 820 1451 est
862 1414 971 1465 vsus,
1015 1416 1095 1467 ipse
1145 1418 1372 1459 certjffimfls
1421 1430 1464 1459 et

147 1479 405 1521 exactissimus
439 1478 662 1532 praedicat,
727 1488 856 1530 neque
897 1490 974 1531 ego
1018 1479 1067 1518 de
1104 1479 1281 1521 bonitate
1324 1495 1462 1523 earum

147 1544 403 1586 dubitandum
438 1540 514 1582 effi:
548 1543 765 1594 existimo,
801 1554 894 1582 cum
929 1543 1006 1583 sine
1040 1543 1163 1585 dubio
1183 1546 1230 1586 ad
1253 1544 1332 1587 hoc
1354 1547 1463 1588 insti-

149 1621 279 1651 tutum
321 1621 387 1649 eas
425 1606 630 1660 selegerit,
674 1607 721 1647 de
765 1606 903 1661 quibus
955 1609 1136 1649 maxime
1187 1620 1269 1650 erat
1319 1622 1460 1653 certus,

152 1675 263 1716 Hanc
304 1672 357 1714 ob
399 1685 485 1712 rem
533 1684 610 1724 ego
653 1685 734 1711 non
777 1672 916 1712 dubito
968 1674 1126 1714 easdem
1171 1674 1462 1716 obseruationes

152 1740 336 1792 vsurpare
372 1737 420 1777 ad
452 1736 625 1777 orbitam
662 1736 752 1776 solis
789 1749 866 1790 ope
900 1748 1015 1777 meae
1049 1738 1233 1779 methodi
1269 1741 1462 1780 deterrui*

151 1805 350 1851 ualidam,
387 1814 439 1842 ex
471 1802 518 1842 iis
549 1813 649 1842 vero
685 1811 886 1856 praeterea
920 1800 1015 1842 tales
1060 1802 1355 1844 obseruationes
1387 1803 1465 1845 eli-

155 1882 275 1923 gam,
306 1879 403 1921 quae
434 1867 537 1907 circa
571 1867 822 1920 aequinoffia
865 1865 952 1907 sunt
981 1868 1130 1920 saetae,
1175 1881 1320 1922 qufppe
1363 1881 1462 1923 quae

153 1946 204 1974 eo
248 1932 374 1985 magis
415 1940 543 1972 certae
585 1930 670 1972 sunt
709 1931 922 1973 habendae.
999 1933 1304 1974 obseruationes
1348 1947 1463 1987 ergo,

152 2011 245 2052 quas
277 1997 325 2037 ad
360 1994 439 2035 hoc
473 1995 689 2037 institutum
725 1996 909 2037 adhibere
942 1999 1148 2048 constitui,
1185 1998 1269 2038 sunt
1304 2008 1380 2038 tres
1403 1997 1464 2038 se*

152 2072 343 2117 quentes,
374 2072 479 2101 anno
522 2065 642 2111 1690
676 2059 811 2102 fast-ae.
881 2061 1019 2105 Mense
1044 2063 1187 2104 scilicet
1218 2063 1370 2104 lita-1110
1398 2064 1464 2104 die

157 2138 184 2178 7
217 2126 385 2169 meridie
416 2125 558 2167 locum
590 2125 682 2169 solis
711 2125 878 2170 exhibet
909 2128 949 2168 in
983 2144 1043 2183 μ,
1079 2128 1154 2178 27⁰
1189 2130 1291 2180 21s,
1328 2130 1442 2178 47³³.

1332 2192 1463 2233 Dein«.
