2014 2761
389 1919 450 1955 Fig.
485 1925 513 1946 2.

559 195 647 234 104
769 178 1109 225 METHODVS
1151 176 1299 223 NOVA
1329 177 1414 222 ET
1448 178 1682 223 FAcrLrs

550 304 696 356 nique,
748 315 828 357 quo
874 313 1014 341 omnes
1055 300 1265 354 particulae
1310 300 1454 339 iterum
1499 299 1615 340 simul
1658 300 1698 338 in
1739 299 1850 340 situm

549 366 773 420 aequilibrii
810 367 1063 420 perueniant,
1103 365 1217 403 debet
1235 359 1310 400 effe
1350 365 1551 415 potentia,
1587 375 1681 416 quae
1710 375 1852 404 vuam-

549 442 743 483 quamque
777 429 1009 483 particulam
1047 426 1259 466 secundum
1305 426 1417 478 ipsius
1451 428 1538 466 viae
1574 428 1852 479 percurrendae

547 494 811 534 directionem
859 491 1067 542 sollicitat,
1112 500 1156 531 vt
1197 490 1343 531 factum
1388 502 1442 532 ex
1483 488 1604 531 massa
1647 490 1854 545 particulae

548 558 589 598 in
624 559 734 599 viam
768 556 1081 612 percurrendam.

669 648 705 694 6.
750 666 820 702 13.
857 654 913 693 At
940 653 967 693 fi
987 652 1156 706 singulae
1176 651 1354 704 corporis
1385 648 1593 690 oscillantis
1612 661 1741 704 partes
1768 652 1855 692 ac‘tu

547 719 594 759 ab
614 718 699 757 aliis
716 718 864 756 viribus
897 727 1010 770 atque
1032 719 1072 756 in
1091 717 1176 756 aliis
1200 714 1478 755 directionibus
1497 713 1859 767 sollicitentur,tum

547 782 641 821 loco
676 780 833 821 illarum
867 781 1014 821 virium
1046 781 1145 820 aliae
1183 778 1352 819 substitui
1385 777 1554 829 debent,
1595 792 1691 832 quae
1725 780 1860 832 si'ngw²

547 845 604 886 las
636 856 764 898 partes
796 845 1002 885 Iecundum
1038 844 1252 898 spatiorum
1288 842 1642 896 percurrendorum
1672 843 1862 884 directio-

548 923 615 949 nes
652 909 858 949 sollicitent
874 941 884 960 ,
921 921 959 948 et
988 907 1303 962 proportionales
1323 906 1393 946 sint
1414 906 1522 946 faecis
1543 918 1595 946 ex
1614 907 1741 947 maffis
1762 907 1862 961 ipsi-

548 987 635 1014 rum
674 974 949 1026 particularum
987 983 1026 1012 et
1058 973 1134 1012 viis
1166 970 1447 1026 percurrendis.
1519 969 1678 1024 Hacque
1712 982 1860 1026 poten-

548 1039 626 1078 tiae
655 1048 782 1077 tantae
818 1037 899 1077 sunt
933 1037 1210 1090 accipiendae,
1244 1047 1286 1075 vt
1319 1047 1460 1075 omnes
1478 1035 1749 1089 aequiualeant
1775 1036 1863 1091 ipsis

547 1103 734 1156 potentiis
767 1114 908 1156 corpus
944 1104 1030 1145 aftu
1064 1098 1370 1141 sollicitantibus.

667 1202 699 1249 ξ.
743 1213 808 1249 14,
847 1199 954 1240 Cum
993 1199 1110 1251 igitur
1143 1198 1218 1239 hae
1253 1199 1454 1251 potentiae
1475 1196 1753 1237 substituendae
1774 1196 1861 1250 ipfis

550 1265 739 1316 potentiis
760 1276 904 1315 corpus
925 1263 1217 1302 sollicitantibus
1236 1263 1478 1314 aequiualere
1499 1261 1689 1311 dehtant,
1710 1272 1761 1300 ex
1784 1261 1862 1301 sta-

548 1328 623 1367 tica
661 1327 833 1376 constat,
872 1327 898 1367 fi
931 1338 1067 1366 earum
1101 1326 1196 1366 loco
1230 1326 1431 1379 potentiae
1473 1324 1563 1377 ipsis
1602 1325 1782 1378 aequales
1825 1334 1864 1366 at

548 1391 755 1432 secundum
790 1391 1023 1430 dircffioncs
1055 1390 1268 1427 contrarias
1296 1398 1453 1440 agentes
1472 1388 1742 1438 collocentur,
1777 1399 1863 1428 tum

551 1467 691 1507 corpus.
727 1453 805 1492 effe
836 1453 976 1492 debere
1011 1451 1051 1489 in
1088 1451 1336 1503 aequilibrio.
1403 1451 1679 1506 Quamobrem
1702 1451 1767 1490 iste
1789 1453 1867 1492 sta-

550 1528 612 1559 tus
645 1517 865 1570 aequilibrii
900 1517 975 1556 erit
1007 1515 1346 1566 determinandus,
1381 1527 1459 1568 quo
1496 1514 1664 1554 definito
1704 1526 1860 1570 tempus

553 1581 790 1633 innotescet,
811 1594 888 1635 quo
912 1592 1053 1633 corpus
1086 1580 1152 1619 sibi
1185 1579 1367 1619 relictum
1402 1577 1664 1618 ost-illationes
1698 1579 1861 1633 singulas

550 1645 738 1687 absoluat.
809 1646 892 1686 Hac
925 1657 1022 1697 ergo
1058 1644 1208 1684 ratione
1247 1654 1328 1683 tota
1362 1644 1461 1683 circa
1489 1642 1750 1684 oscillationcs
1769 1658 1862 1685 cor-

550 1724 695 1765 porum
731 1709 882 1750 vcrsans
915 1708 1128 1762 disquisitio
1163 1709 1210 1749 acl
1245 1709 1371 1749 statica
1414 1708 1602 1761 principia
1646 1709 1853 1749 reducitur.

552 1776 666 1832 Quae
686 1775 826 1815 omnia
847 1787 899 1815 ex
918 1773 1158 1827 sequentibus
1177 1773 1315 1814 casibus
1336 1773 1475 1814 melius
1497 1773 1772 1828 percipientur.

670 1907 701 1955 ξ.
748 1915 814 1955 15.
853 1902 915 1945 Sit
948 1904 1057 1957 virga
1090 1903 1215 1957 rigida
1249 1903 1439 1957 grauitate
1473 1902 1534 1944 seu
1571 1905 1702 1957 potius
1745 1904 1859 1945 omni

552 1971 715 2010 materia
746 1970 923 2010 destituta
945 1979 984 2009 et
1004 1978 1168 2022 quatuor
1187 1968 1433 2022 pondusculis
1452 1967 1569 2019 A‚B,
1583 1967 1683 2019 C‚D
1704 1969 1853 2020 onusta3

551 2046 671 2086 eaque
691 2035 791 2073 circa
813 2034 851 2074 O
875 2033 1137 2074 oscillationes
1157 2043 1342 2088 peragat,
1376 2034 1471 2073 dum
1494 2034 1532 2073 in
1562 2033 1672 2073 situm
1693 2032 1858 2084 acquili-

552 2097 627 2138 brii
660 2097 740 2140 Od
768 2098 938 2151 accedit,
973 2109 1024 2138 ex
1055 2110 1181 2152 eoque
1215 2098 1255 2138 in
1298 2098 1461 2139 alteram
1504 2107 1657 2153 partem
1692 2095 1855 2136 recedit.

1713 2159 1861 2200 Huius-
