2014 2761
486 200 570 239 168
657 196 739 239 DE
774 192 1310 239 OSCILLATIONIBVS
1346 193 1607 239 CORPORV
1610 196 1666 238 M

481 315 683 369 sumtaque
716 312 950 370 uyzFG,
970 317 1132 357 ducatur
1165 312 1249 368 Gy.
1320 314 1394 356 His
1427 316 1478 356 ita
1515 315 1565 355 ad
1599 314 1786 357 calculum

479 382 744 435 praeparatis,
780 393 880 421 nunc
908 380 1029 420 rursus
1059 379 1289 434 fingendum
1322 380 1400 432 est,
1443 380 1593 420 restam
1627 392 1702 431 us,
1750 382 1789 420 in

479 445 683 498 pristinam
716 445 1006 498 longitudinem
1040 442 1120 486 FG
1158 444 1361 485 contrahi:
1396 446 1447 485 ita
1470 444 1680 485 eleuabitur
1700 456 1791 485 cor-

479 522 549 563 pus
581 521 633 549 ex
667 523 686 550 s
718 511 805 562 iny
838 509 905 550 vel
938 510 978 549 in
1011 521 1033 549 r
1066 511 1146 559 (est
1178 520 1310 550 autem
1331 522 1397 562 yr
1429 509 1533 550 nulla
1567 520 1660 562 prae
1677 505 1791 561 Gy),

479 586 643 627 corpora
678 586 809 615 autern
849 574 1046 627 superiora
1080 575 1224 614 iterum
1259 573 1508 615 retrahentur
1541 585 1592 612 ex
1636 586 1658 612 n
1697 575 1736 613 in
1774 585 1794 613 o

480 648 520 678 et
556 651 607 678 ex
642 651 664 678 u
699 640 736 678 in
771 652 824 679 m:
860 649 972 691 atque
1009 637 1060 678 fic
1096 639 1258 679 tandem
1291 648 1399 691 patet
1442 637 1526 678 fore
1578 638 1682 677 vires
1726 651 1793 678 ac·-

477 702 721 743 celeratriees
754 704 795 742 in
828 702 983 755 singulis
1026 704 1257 756 corporibus
1299 701 1510 743 secundum
1555 702 1793 741 directiones

478 766 556 806 suas
590 767 779 807 naturales
812 768 859 807 ad
897 767 981 806 vim
1016 767 1213 819 grauitatis
1246 767 1490 817 naturalem,
1524 775 1567 806 vt
1596 765 1795 806 seh-abent

479 835 574 882 ΗΟ,
598 831 672 872 Fm
691 843 730 872 et
750 828 821 885 Gy
851 831 900 872 ad
921 828 1010 872 Gs:
1057 830 1221 886 superest
1266 831 1385 883 igitur
1426 840 1469 871 vt
1510 830 1653 884 singula
1696 830 1793 870 haec

477 895 674 936 elementa
708 898 1006 950 exprimantur,
1042 896 1167 949 probe
1199 895 1405 935 obseruato
1439 896 1591 935 arculos
1624 893 1712 946 Hn,
1733 894 1794 934 Fu

478 970 553 999 etc.
587 960 714 1000 nullos
746 959 822 1000 effe
856 972 947 1013 prae
986 960 1172 1001 distantiis
1216 972 1434 1012 corporum
1475 973 1495 999 a
1530 959 1634 999 linea
1669 959 1795 998 verti«

479 1032 565 1072 cali.
638 1032 866 1073 Inuenictur
899 1042 1030 1074 autem
1067 1032 1171 1073 reete
1206 1033 1381 1073 instituto
1423 1031 1572 1073 calculo
1606 1015 1787 1083 FLz}

482 1089 754 1160 »μὲνὴ-γ
790 1116 829 1146 et
862 1106 950 1160 quia
984 1102 1456 1163 FGzFQ1Gssz‚
1490 1106 1564 1145 erit

793 1181 1379 1241 (ἑχςζῐ-ὶ-ῗῆ-ᾗπκῦκ,

477 1258 565 1299 Iann
602 1272 724 1311 porro
759 1261 1024 1314 quaerendum
1060 1260 1148 1312 est,
1183 1271 1347 1314 quantae
1382 1258 1531 1300 futurae
1565 1259 1634 1299 sint
1669 1270 1798 1300 retro-

479 1323 727 1378 gradationes
761 1338 979 1378 corporum
1018 1324 1057 1364 in
1089 1337 1113 1365 u
1144 1334 1185 1365 et
1220 1338 1242 1365 n
1275 1324 1516 1379 positorum,
1551 1337 1648 1378 quae
1683 1324 1797 1377 fiunt,

479 1389 572 1428 dum
611 1401 753 1442 corpus
787 1389 969 1429 infimum
1006 1401 1058 1427 ex
1091 1402 1111 1429 5
1142 1390 1236 1438 iny
1269 1398 1332 1428 aut
1364 1389 1403 1426 in
1437 1400 1458 1428 r
1493 1388 1678 1428 eleuatur.
1705 1389 1798 1429 No-

479 1461 583 1492 tetur
618 1454 840 1504 potentiam
876 1451 986 1491 filum
1022 1463 1073 1492 us
1106 1451 1409 1491 contrahentem
1444 1451 1588 1504 vbique
1623 1452 1798 1504 acquali-

481 1526 541 1556 ter
574 1515 753 1556 diffundi.
823 1516 913 1556 Erit
948 1516 1065 1569 igitur
1099 1515 1219 1556 ruriils
1253 1526 1297 1555 vt
1330 1516 1369 1554 in
1406 1514 1591 1569 superiori
1615 1529 1798 1569 paragra-

483 1578 566 1635 pho
603 1593 672 1620 um
705 1581 752 1621 ad
787 1594 837 1632 sy
869 1579 932 1620 seu
965 1580 1013 1620 :td
1048 1576 1117 1620 Gs
1152 1581 1191 1619 in
1227 1581 1379 1620 ratione
1414 1580 1633 1634 compotita
1669 1594 1718 1621 ex
1740 1594 1797 1634 vy

483 1645 532 1685 ad
567 1656 620 1697 uy
655 1654 695 1684 et
728 1643 873 1686 massae
910 1659 944 1700 μ.
979 1645 1027 1685 ad
1061 1642 1226 1685 massam
1262 1644 1333 1686 M:
1369 1645 1470 1684 vnde
1505 1646 1699 1684 inuenitur
1729 1659 1796 1686 um

485 1710 736 1771 :ffixGQ
771 1731 845 1773 qua
880 1716 1067 1758 subtracta
1104 1716 1151 1757 ab
1185 1718 1249 1758 Fu
1294 1716 1355 1757 scu
1389 1717 1436 1757 ab
1471 1710 1798 1771 (j—i—{Jsz,

487 1783 615 1825 oritur

831 1856 1413 1917 Frn:(†-{-}-{‡,{)›<Gs.
1463 1880 1467 1883 ¹

487 1928 671 1984 Denique
705 1931 794 1985 quia
826 1930 873 1971 ab
906 1942 981 1981 e0,
1017 1929 1122 1983 quod
1157 1942 1298 1982 corpus
1332 1929 1511 1970 medium
1547 1942 1600 1970 ex
1633 1943 1656 1970 u
1692 1932 1731 1970 in
1764 1944 1799 1972 m

485 1995 616 2047 cedit,
651 1995 751 2036 nihil
785 1995 930 2049 patitur
962 2006 1100 2047 corpus
1135 1994 1386 2048 supremum,
1430 1995 1529 2046 erit,
1573 2005 1617 2035 vt
1659 2006 1798 2045 antea,

488 2071 539 2100 no
574 2059 620 2099 ad
643 2073 706 2110 ys
740 2059 802 2100 seu
837 2055 905 2100 Gs
936 2058 977 2098 in
1012 2059 1165 2100 ratione
1198 2059 1417 2113 composita
1452 2071 1505 2098 ex
1540 2059 1583 2099 M
1598 2073 1622 2099 u
1663 2059 1709 2098 ad
1743 2072 1797 2099 un

489 2142 530 2176 et
562 2131 706 2177 maffae
741 2147 776 2190 μ
807 2134 854 2176 ad
876 2131 1041 2174 maffam
1073 2147 1133 2188 m,
1173 2133 1274 2175 vnde
1297 2125 1610 2185 nozffisz:
1652 2132 1797 2185 hacque

1710 2198 1798 2238 sub-
