<?xml version="1.0" encoding="UTF-8"?>
<!DOCTYPE html PUBLIC "-//W3C//DTD XHTML 1.0 Transitional//EN"
    "http://www.w3.org/TR/xhtml1/DTD/xhtml1-transitional.dtd">
<html xmlns="http://www.w3.org/1999/xhtml" xml:lang="en" lang="en">
 <head>
  <title>
</title>
<meta http-equiv="Content-Type" content="text/html;charset=utf-8" />
  <meta name='ocr-system' content='tesseract 3.04.00' />
  <meta name='ocr-capabilities' content='ocr_page ocr_carea ocr_par ocr_line ocrx_word'/>
</head>
<body>
  <div class='ocr_page' id='page_1' title='image "./commentariiacade07impe_0173.png"; bbox 0 0 2014 2761; ppageno 0'>
   <div class='ocr_carea' id='block_1_1' title="bbox 265 184 1490 243">
    <p class='ocr_par' dir='ltr' id='par_1_1' title="bbox 265 184 1490 243">
     <span class='ocr_line' id='line_1_1' title="bbox 265 184 1490 243; baseline -0.005 -6"><span class='ocrx_word' id='word_1_1' title='bbox 265 184 270 189; x_wconf 87' lang='grc'><strong>’</strong></span> <span class='ocrx_word' id='word_1_2' title='bbox 303 190 444 237; x_wconf 81' lang='lat' dir='ltr'><strong><em>FILO</em></strong></span> <span class='ocrx_word' id='word_1_3' title='bbox 479 188 735 236; x_wconf 76' lang='lat' dir='ltr'><strong><em>FLEXILI</em></strong></span> <span class='ocrx_word' id='word_1_4' title='bbox 771 189 1196 236; x_wconf 63' lang='lat' dir='ltr'><em>CONNEXORVM</em></span> <span class='ocrx_word' id='word_1_5' title='bbox 1231 189 1314 240; x_wconf 57' lang='lat' dir='ltr'>&amp;a</span> <span class='ocrx_word' id='word_1_6' title='bbox 1407 193 1490 243; x_wconf 78' lang='lat'>163</span> 
     </span>
    </p>
   </div>
   <div class='ocr_carea' id='block_1_2' title="bbox 174 310 1506 1012">
    <p class='ocr_par' dir='ltr' id='par_1_2' title="bbox 174 310 1506 1012">
     <span class='ocr_line' id='line_1_2' title="bbox 174 310 1500 368; baseline -0.004 -13"><span class='ocrx_word' id='word_1_7' title='bbox 174 313 293 366; x_wconf 13' lang='lat' dir='ltr'>inari,</span> <span class='ocrx_word' id='word_1_8' title='bbox 328 313 454 357; x_wconf 83' lang='lat' dir='ltr'>veluti</span> <span class='ocrx_word' id='word_1_9' title='bbox 487 327 578 356; x_wconf 91' lang='lat' dir='ltr'>cum</span> <span class='ocrx_word' id='word_1_10' title='bbox 612 325 754 368; x_wconf 78' lang='lat' dir='ltr'>corpus</span> <span class='ocrx_word' id='word_1_11' title='bbox 788 310 900 368; x_wconf 76' lang='lat' dir='ltr'>super</span> <span class='ocrx_word' id='word_1_12' title='bbox 933 311 1209 367; x_wconf 77' lang='lat' dir='ltr'>hypothemisa</span> <span class='ocrx_word' id='word_1_13' title='bbox 1243 310 1428 365; x_wconf 71' lang='lat' dir='ltr'>trianguli</span> <span class='ocrx_word' id='word_1_14' title='bbox 1459 310 1500 349; x_wconf 86' lang='lat' dir='ltr'>in</span> 
     </span>
     <span class='ocr_line' id='line_1_3' title="bbox 183 375 1503 432; baseline -0.004 -13"><span class='ocrx_word' id='word_1_15' title='bbox 183 378 397 420; x_wconf 85' lang='lat' dir='ltr'>horizonte</span> <span class='ocrx_word' id='word_1_16' title='bbox 431 379 594 421; x_wconf 84' lang='lat' dir='ltr'>mobilis</span> <span class='ocrx_word' id='word_1_17' title='bbox 628 378 853 432; x_wconf 86' lang='lat' dir='ltr'>descendit·⁷</span> <span class='ocrx_word' id='word_1_18' title='bbox 899 378 963 419; x_wconf 74' lang='lat' dir='ltr'>hic</span> <span class='ocrx_word' id='word_1_19' title='bbox 1008 379 1117 418; x_wconf 88' lang='lat' dir='ltr'>enim</span> <span class='ocrx_word' id='word_1_20' title='bbox 1161 378 1189 418; x_wconf 87' lang='lat' dir='ltr'>si</span> <span class='ocrx_word' id='word_1_21' title='bbox 1232 376 1297 417; x_wconf 84' lang='lat' dir='ltr'>vel</span> <span class='ocrx_word' id='word_1_22' title='bbox 1344 375 1503 416; x_wconf 82' lang='lat' dir='ltr'>noueris</span> 
     </span>
     <span class='ocr_line' id='line_1_4' title="bbox 183 439 1504 498; baseline -0.005 -14"><span class='ocrx_word' id='word_1_23' title='bbox 183 442 299 484; x_wconf 84' lang='lat' dir='ltr'>situm</span> <span class='ocrx_word' id='word_1_24' title='bbox 334 445 516 498; x_wconf 87' lang='lat' dir='ltr'>corporis</span> <span class='ocrx_word' id='word_1_25' title='bbox 549 444 589 483; x_wconf 92' lang='lat' dir='ltr'>in</span> <span class='ocrx_word' id='word_1_26' title='bbox 624 442 921 496; x_wconf 64' lang='lat' dir='ltr'>hypothenusz,</span> <span class='ocrx_word' id='word_1_27' title='bbox 969 443 1084 496; x_wconf 74' lang='lat' dir='ltr'>ipsius</span> <span class='ocrx_word' id='word_1_28' title='bbox 1128 451 1262 482; x_wconf 70' lang='lat' dir='ltr'>tamen</span> <span class='ocrx_word' id='word_1_29' title='bbox 1317 439 1504 493; x_wconf 72' lang='lat' dir='ltr'>trianguli</span> 
     </span>
     <span class='ocr_line' id='line_1_5' title="bbox 181 505 1502 557; baseline -0.003 -9"><span class='ocrx_word' id='word_1_30' title='bbox 181 508 267 548; x_wconf 80' lang='lat' dir='ltr'>situs</span> <span class='ocrx_word' id='word_1_31' title='bbox 303 509 343 546; x_wconf 87' lang='lat' dir='ltr'>in</span> <span class='ocrx_word' id='word_1_32' title='bbox 379 506 593 547; x_wconf 79' lang='lat' dir='ltr'>horizonte</span> <span class='ocrx_word' id='word_1_33' title='bbox 627 507 850 557; x_wconf 76' lang='lat' dir='ltr'>incognitus</span> <span class='ocrx_word' id='word_1_34' title='bbox 883 507 1062 547; x_wconf 78' lang='lat' dir='ltr'>manebit</span> <span class='ocrx_word' id='word_1_35' title='bbox 1106 506 1174 546; x_wconf 78' lang='lat' dir='ltr'>nisi</span> <span class='ocrx_word' id='word_1_36' title='bbox 1210 506 1314 545; x_wconf 84' lang='lat' dir='ltr'>hunc</span> <span class='ocrx_word' id='word_1_37' title='bbox 1345 505 1502 545; x_wconf 76' lang='lat' dir='ltr'>aliunde</span> 
     </span>
     <span class='ocr_line' id='line_1_6' title="bbox 180 569 1504 622; baseline -0.002 -10"><span class='ocrx_word' id='word_1_38' title='bbox 180 571 445 612; x_wconf 86' lang='lat' dir='ltr'>determinare</span> <span class='ocrx_word' id='word_1_39' title='bbox 478 570 583 610; x_wconf 61' lang='lat' dir='ltr'>scias.</span> <span class='ocrx_word' id='word_1_40' title='bbox 653 569 865 609; x_wconf 81' lang='lat' dir='ltr'>Problema</span> <span class='ocrx_word' id='word_1_41' title='bbox 900 569 979 609; x_wconf 89' lang='lat' dir='ltr'>hoc</span> <span class='ocrx_word' id='word_1_42' title='bbox 1013 570 1258 622; x_wconf 78' lang='lat' dir='ltr'>postremum</span> <span class='ocrx_word' id='word_1_43' title='bbox 1294 569 1504 622; x_wconf 78' lang='lat' dir='ltr'>aliquando</span> 
     </span>
     <span class='ocr_line' id='line_1_7' title="bbox 181 632 1506 688; baseline -0.002 -13"><span class='ocrx_word' id='word_1_44' title='bbox 181 637 285 676; x_wconf 80' lang='lat' dir='ltr'>Patri</span> <span class='ocrx_word' id='word_1_45' title='bbox 321 646 415 674; x_wconf 89' lang='lat' dir='ltr'>meo</span> <span class='ocrx_word' id='word_1_46' title='bbox 453 633 733 688; x_wconf 78' lang='lat' dir='ltr'>proposueram</span> <span class='ocrx_word' id='word_1_47' title='bbox 769 644 809 674; x_wconf 90' lang='lat' dir='ltr'>et</span> <span class='ocrx_word' id='word_1_48' title='bbox 853 634 968 688; x_wconf 83' lang='lat' dir='ltr'>plane</span> <span class='ocrx_word' id='word_1_49' title='bbox 1002 634 1108 673; x_wconf 84' lang='lat' dir='ltr'>inter</span> <span class='ocrx_word' id='word_1_50' title='bbox 1153 632 1188 673; x_wconf 86' lang='lat' dir='ltr'>se</span> <span class='ocrx_word' id='word_1_51' title='bbox 1233 641 1506 673; x_wconf 85' lang='lat' dir='ltr'>conuenerunt</span> 
     </span>
     <span class='ocr_line' id='line_1_8' title="bbox 179 697 1502 753; baseline -0.002 -14"><span class='ocrx_word' id='word_1_52' title='bbox 179 699 396 739; x_wconf 78' lang='lat' dir='ltr'>solutiones</span> <span class='ocrx_word' id='word_1_53' title='bbox 431 700 609 753; x_wconf 58' lang='lat' dir='ltr'>nostrae,</span> <span class='ocrx_word' id='word_1_54' title='bbox 657 698 790 749; x_wconf 76' lang='lat' dir='ltr'>Eam,</span> <span class='ocrx_word' id='word_1_55' title='bbox 835 712 933 753; x_wconf 83' lang='lat' dir='ltr'>quae</span> <span class='ocrx_word' id='word_1_56' title='bbox 975 711 997 738; x_wconf 84' lang='lat' dir='ltr'>a</span> <span class='ocrx_word' id='word_1_57' title='bbox 1042 698 1156 738; x_wconf 81' lang='lat' dir='ltr'>Patre</span> <span class='ocrx_word' id='word_1_58' title='bbox 1203 698 1377 751; x_wconf 64' lang='lat' dir='ltr'>profefta</span> <span class='ocrx_word' id='word_1_59' title='bbox 1421 697 1502 748; x_wconf 89' lang='lat' dir='ltr'>est,</span> 
     </span>
     <span class='ocr_line' id='line_1_9' title="bbox 184 760 1501 813; baseline -0.002 -8"><span class='ocrx_word' id='word_1_60' title='bbox 184 764 406 805; x_wconf 75' lang='lat' dir='ltr'>Academia</span> <span class='ocrx_word' id='word_1_61' title='bbox 429 761 742 804; x_wconf 71' lang='lat' dir='ltr'>Commentariis</span> <span class='ocrx_word' id='word_1_62' title='bbox 762 763 832 803; x_wconf 79' lang='lat' dir='ltr'>suis</span> <span class='ocrx_word' id='word_1_63' title='bbox 852 764 965 803; x_wconf 85' lang='lat' dir='ltr'>inseri</span> <span class='ocrx_word' id='word_1_64' title='bbox 987 764 1163 813; x_wconf 80' lang='lat' dir='ltr'>curauit,</span> <span class='ocrx_word' id='word_1_65' title='bbox 1185 762 1268 801; x_wconf 65' lang='lat' dir='ltr'>vid·</span> <span class='ocrx_word' id='word_1_66' title='bbox 1293 761 1420 802; x_wconf 87' lang='lat' dir='ltr'>Tom.</span> <span class='ocrx_word' id='word_1_67' title='bbox 1447 760 1501 802; x_wconf 91' lang='lat' dir='ltr'>V.</span> 
     </span>
     <span class='ocr_line' id='line_1_10' title="bbox 183 827 1503 886; baseline -0.002 -18"><span class='ocrx_word' id='word_1_68' title='bbox 183 842 223 882; x_wconf 86' lang='lat' dir='ltr'>p.</span> <span class='ocrx_word' id='word_1_69' title='bbox 283 842 354 869; x_wconf 89' lang='lat'>11.</span> <span class='ocrx_word' id='word_1_70' title='bbox 422 829 535 886; x_wconf 81' lang='lat' dir='ltr'>Quae</span> <span class='ocrx_word' id='word_1_71' title='bbox 569 829 617 868; x_wconf 79' lang='lat' dir='ltr'>ad</span> <span class='ocrx_word' id='word_1_72' title='bbox 651 828 751 867; x_wconf 81' lang='lat' dir='ltr'>lianc</span> <span class='ocrx_word' id='word_1_73' title='bbox 787 827 946 869; x_wconf 84' lang='lat' dir='ltr'>claffem</span> <span class='ocrx_word' id='word_1_74' title='bbox 983 831 1205 882; x_wconf 83' lang='lat' dir='ltr'>pertinent,</span> <span class='ocrx_word' id='word_1_75' title='bbox 1241 839 1389 867; x_wconf 87' lang='lat' dir='ltr'>nouam</span> <span class='ocrx_word' id='word_1_76' title='bbox 1412 839 1503 867; x_wconf 83' lang='lat' dir='ltr'>me-</span> 
     </span>
     <span class='ocr_line' id='line_1_11' title="bbox 180 890 1505 947; baseline -0.002 -13"><span class='ocrx_word' id='word_1_77' title='bbox 180 893 368 934; x_wconf 79' lang='lat' dir='ltr'>chanicae</span> <span class='ocrx_word' id='word_1_78' title='bbox 389 905 542 947; x_wconf 87' lang='lat' dir='ltr'>partem</span> <span class='ocrx_word' id='word_1_79' title='bbox 564 892 763 933; x_wconf 85' lang='lat' dir='ltr'>efficiunt:</span> <span class='ocrx_word' id='word_1_80' title='bbox 799 894 1040 947; x_wconf 85' lang='lat' dir='ltr'>Principium</span> <span class='ocrx_word' id='word_1_81' title='bbox 1076 903 1207 933; x_wconf 83' lang='lat' dir='ltr'>autem</span> <span class='ocrx_word' id='word_1_82' title='bbox 1226 924 1236 943; x_wconf 80' lang='lat'>‚</span> <span class='ocrx_word' id='word_1_83' title='bbox 1259 905 1338 946; x_wconf 86' lang='lat' dir='ltr'>quo</span> <span class='ocrx_word' id='word_1_84' title='bbox 1359 892 1419 932; x_wconf 73' lang='lat' dir='ltr'>vti</span> <span class='ocrx_word' id='word_1_85' title='bbox 1440 890 1505 932; x_wconf 61' lang='lat' dir='ltr'>so⁴</span> 
     </span>
     <span class='ocr_line' id='line_1_12' title="bbox 181 957 1333 1012; baseline -0.002 -13"><span class='ocrx_word' id='word_1_86' title='bbox 181 958 248 999; x_wconf 90' lang='lat' dir='ltr'>leo</span> <span class='ocrx_word' id='word_1_87' title='bbox 283 959 330 999; x_wconf 82' lang='lat' dir='ltr'>ad</span> <span class='ocrx_word' id='word_1_88' title='bbox 365 958 595 1000; x_wconf 83' lang='lat' dir='ltr'>huiusmodi</span> <span class='ocrx_word' id='word_1_89' title='bbox 631 957 881 1012; x_wconf 78' lang='lat' dir='ltr'>problemata</span> <span class='ocrx_word' id='word_1_90' title='bbox 914 958 1120 1010; x_wconf 84' lang='lat' dir='ltr'>soluenda,</span> <span class='ocrx_word' id='word_1_91' title='bbox 1157 957 1233 998; x_wconf 81' lang='lat' dir='ltr'>tale</span> <span class='ocrx_word' id='word_1_92' title='bbox 1254 958 1333 998; x_wconf 80' lang='lat' dir='ltr'>est:</span> 
     </span>
    </p>
   </div>
   <div class='ocr_carea' id='block_1_3' title="bbox 181 1054 1511 1871">
    <p class='ocr_par' dir='ltr' id='par_1_3' title="bbox 181 1054 1511 1871">
     <span class='ocr_line' id='line_1_13' title="bbox 303 1054 1507 1109; baseline -0.002 -11"><span class='ocrx_word' id='word_1_93' title='bbox 303 1058 398 1098; x_wconf 88' lang='lat' dir='ltr'>Puta</span> <span class='ocrx_word' id='word_1_94' title='bbox 433 1058 472 1097; x_wconf 90' lang='lat' dir='ltr'>in</span> <span class='ocrx_word' id='word_1_95' title='bbox 508 1056 717 1109; x_wconf 88' lang='lat' dir='ltr'>systemate</span> <span class='ocrx_word' id='word_1_96' title='bbox 750 1057 797 1098; x_wconf 83' lang='lat' dir='ltr'>ad</span> <span class='ocrx_word' id='word_1_97' title='bbox 833 1065 1087 1098; x_wconf 82' lang='lat' dir='ltr'>momentum</span> <span class='ocrx_word' id='word_1_98' title='bbox 1118 1054 1312 1109; x_wconf 78' lang='lat' dir='ltr'>temporis</span> <span class='ocrx_word' id='word_1_99' title='bbox 1332 1067 1507 1109; x_wconf 74' lang='lat' dir='ltr'>corpora</span> 
     </span>
     <span class='ocr_line' id='line_1_14' title="bbox 181 1120 1506 1175; baseline -0.002 -12"><span class='ocrx_word' id='word_1_100' title='bbox 181 1121 328 1174; x_wconf 81' lang='lat' dir='ltr'>singula</span> <span class='ocrx_word' id='word_1_101' title='bbox 361 1136 383 1162; x_wconf 82' lang='lat' dir='ltr'>a</span> <span class='ocrx_word' id='word_1_102' title='bbox 418 1122 453 1162; x_wconf 91' lang='lat' dir='ltr'>se</span> <span class='ocrx_word' id='word_1_103' title='bbox 488 1123 662 1164; x_wconf 88' lang='lat' dir='ltr'>inuicem</span> <span class='ocrx_word' id='word_1_104' title='bbox 697 1122 821 1175; x_wconf 86' lang='lat' dir='ltr'>solui,</span> <span class='ocrx_word' id='word_1_105' title='bbox 858 1121 964 1162; x_wconf 85' lang='lat' dir='ltr'>nulla</span> <span class='ocrx_word' id='word_1_106' title='bbox 984 1120 1081 1161; x_wconf 67' lang='lat' dir='ltr'>facta</span> <span class='ocrx_word' id='word_1_107' title='bbox 1102 1121 1322 1162; x_wconf 79' lang='lat' dir='ltr'>attentione</span> <span class='ocrx_word' id='word_1_108' title='bbox 1344 1121 1390 1161; x_wconf 84' lang='lat' dir='ltr'>ad</span> <span class='ocrx_word' id='word_1_109' title='bbox 1410 1133 1506 1162; x_wconf 87' lang='lat' dir='ltr'>mo·-</span> 
     </span>
     <span class='ocr_line' id='line_1_15' title="bbox 181 1184 1509 1241; baseline 0 -15"><span class='ocrx_word' id='word_1_110' title='bbox 181 1195 271 1228; x_wconf 89' lang='lat' dir='ltr'>tum</span> <span class='ocrx_word' id='word_1_111' title='bbox 307 1188 386 1226; x_wconf 67' lang='lat' dir='ltr'>iam</span> <span class='ocrx_word' id='word_1_112' title='bbox 421 1188 671 1240; x_wconf 79' lang='lat' dir='ltr'>acquisitum,</span> <span class='ocrx_word' id='word_1_113' title='bbox 705 1189 794 1241; x_wconf 86' lang='lat' dir='ltr'>quia</span> <span class='ocrx_word' id='word_1_114' title='bbox 833 1187 898 1226; x_wconf 83' lang='lat' dir='ltr'>liic</span> <span class='ocrx_word' id='word_1_115' title='bbox 931 1187 980 1226; x_wconf 88' lang='lat' dir='ltr'>de</span> <span class='ocrx_word' id='word_1_116' title='bbox 1015 1186 1299 1226; x_wconf 73' lang='lat' dir='ltr'>acceleratione</span> <span class='ocrx_word' id='word_1_117' title='bbox 1332 1184 1392 1225; x_wconf 86' lang='lat' dir='ltr'>seu</span> <span class='ocrx_word' id='word_1_118' title='bbox 1414 1198 1509 1226; x_wconf 88' lang='lat' dir='ltr'>mu-</span> 
     </span>
     <span class='ocr_line' id='line_1_16' title="bbox 183 1248 1510 1301; baseline -0.002 -11"><span class='ocrx_word' id='word_1_119' title='bbox 183 1251 336 1290; x_wconf 85' lang='lat' dir='ltr'>tatione</span> <span class='ocrx_word' id='word_1_120' title='bbox 371 1261 503 1290; x_wconf 81' lang='lat' dir='ltr'>motus</span> <span class='ocrx_word' id='word_1_121' title='bbox 537 1252 772 1290; x_wconf 80' lang='lat' dir='ltr'>elementari</span> <span class='ocrx_word' id='word_1_122' title='bbox 807 1259 959 1290; x_wconf 83' lang='lat' dir='ltr'>tantum</span> <span class='ocrx_word' id='word_1_123' title='bbox 994 1249 1123 1289; x_wconf 85' lang='lat' dir='ltr'>sermo</span> <span class='ocrx_word' id='word_1_124' title='bbox 1145 1250 1217 1289; x_wconf 87' lang='lat' dir='ltr'>est:</span> <span class='ocrx_word' id='word_1_125' title='bbox 1257 1249 1309 1288; x_wconf 83' lang='lat' dir='ltr'>ita</span> <span class='ocrx_word' id='word_1_126' title='bbox 1331 1248 1510 1301; x_wconf 83' lang='lat' dir='ltr'>quolibet</span> 
     </span>
     <span class='ocr_line' id='line_1_17' title="bbox 184 1312 1508 1369; baseline -0.003 -13"><span class='ocrx_word' id='word_1_127' title='bbox 184 1328 355 1369; x_wconf 84' lang='lat' dir='ltr'>corpore</span> <span class='ocrx_word' id='word_1_128' title='bbox 392 1315 510 1356; x_wconf 87' lang='lat' dir='ltr'>situm</span> <span class='ocrx_word' id='word_1_129' title='bbox 542 1314 650 1356; x_wconf 90' lang='lat' dir='ltr'>suum</span> <span class='ocrx_word' id='word_1_130' title='bbox 687 1324 892 1365; x_wconf 84' lang='lat' dir='ltr'>mutante,</span> <span class='ocrx_word' id='word_1_131' title='bbox 928 1313 1090 1364; x_wconf 71' lang='lat' dir='ltr'>systema</span> <span class='ocrx_word' id='word_1_132' title='bbox 1125 1313 1243 1353; x_wconf 80' lang='lat' dir='ltr'>aliam</span> <span class='ocrx_word' id='word_1_133' title='bbox 1280 1314 1431 1367; x_wconf 83' lang='lat' dir='ltr'>accepit</span> <span class='ocrx_word' id='word_1_134' title='bbox 1456 1312 1508 1352; x_wconf 86' lang='lat' dir='ltr'>fi-</span> 
     </span>
     <span class='ocr_line' id='line_1_18' title="bbox 181 1376 1508 1433; baseline -0.001 -14"><span class='ocrx_word' id='word_1_135' title='bbox 181 1392 348 1433; x_wconf 79' lang='lat' dir='ltr'>guram,</span> <span class='ocrx_word' id='word_1_136' title='bbox 383 1392 502 1432; x_wconf 82' lang='lat' dir='ltr'>quam</span> <span class='ocrx_word' id='word_1_137' title='bbox 538 1379 816 1418; x_wconf 32' lang='lat' dir='ltr'>nondsolutum</span> <span class='ocrx_word' id='word_1_138' title='bbox 849 1378 994 1416; x_wconf 84' lang='lat' dir='ltr'>habere</span> <span class='ocrx_word' id='word_1_139' title='bbox 1026 1377 1212 1416; x_wconf 77' lang='lat' dir='ltr'>debebat:</span> <span class='ocrx_word' id='word_1_140' title='bbox 1248 1376 1374 1428; x_wconf 82' lang='lat' dir='ltr'>Igitur</span> <span class='ocrx_word' id='word_1_141' title='bbox 1404 1378 1508 1431; x_wconf 86' lang='lat' dir='ltr'>finge</span> 
     </span>
     <span class='ocr_line' id='line_1_19' title="bbox 182 1440 1506 1496; baseline -0.002 -12"><span class='ocrx_word' id='word_1_142' title='bbox 182 1442 333 1484; x_wconf 59' lang='lat' dir='ltr'>caulam</span> <span class='ocrx_word' id='word_1_143' title='bbox 387 1441 664 1483; x_wconf 80' lang='lat' dir='ltr'>mechanicam</span> <span class='ocrx_word' id='word_1_144' title='bbox 709 1453 982 1496; x_wconf 74' lang='lat' dir='ltr'>quamcunque</span> <span class='ocrx_word' id='word_1_145' title='bbox 1029 1440 1193 1491; x_wconf 57' lang='lat' dir='ltr'>sistema</span> <span class='ocrx_word' id='word_1_146' title='bbox 1246 1441 1286 1479; x_wconf 91' lang='lat' dir='ltr'>in</span> <span class='ocrx_word' id='word_1_147' title='bbox 1329 1442 1506 1482; x_wconf 80' lang='lat' dir='ltr'>debitam</span> 
     </span>
     <span class='ocr_line' id='line_1_20' title="bbox 183 1504 1508 1561; baseline -0.002 -12"><span class='ocrx_word' id='word_1_148' title='bbox 183 1508 352 1561; x_wconf 77' lang='lat' dir='ltr'>figuram</span> <span class='ocrx_word' id='word_1_149' title='bbox 373 1508 642 1548; x_wconf 82' lang='lat' dir='ltr'>restituentem</span> <span class='ocrx_word' id='word_1_150' title='bbox 677 1517 792 1561; x_wconf 84' lang='lat' dir='ltr'>atque</span> <span class='ocrx_word' id='word_1_151' title='bbox 808 1539 818 1559; x_wconf 86' lang='lat'>,</span> <span class='ocrx_word' id='word_1_152' title='bbox 854 1504 978 1545; x_wconf 78' lang='lat' dir='ltr'>rursus</span> <span class='ocrx_word' id='word_1_153' title='bbox 999 1505 1156 1559; x_wconf 84' lang='lat' dir='ltr'>inquiro</span> <span class='ocrx_word' id='word_1_154' title='bbox 1178 1506 1218 1544; x_wconf 91' lang='lat' dir='ltr'>in</span> <span class='ocrx_word' id='word_1_155' title='bbox 1241 1507 1508 1546; x_wconf 75' lang='lat' dir='ltr'>nuit-ationem</span> 
     </span>
     <span class='ocr_line' id='line_1_21' title="bbox 186 1570 1511 1625; baseline -0.002 -11"><span class='ocrx_word' id='word_1_156' title='bbox 186 1574 277 1614; x_wconf 79' lang='lat' dir='ltr'>situs</span> <span class='ocrx_word' id='word_1_157' title='bbox 309 1573 358 1613; x_wconf 88' lang='lat' dir='ltr'>ab</span> <span class='ocrx_word' id='word_1_158' title='bbox 392 1572 466 1613; x_wconf 86' lang='lat' dir='ltr'>hac</span> <span class='ocrx_word' id='word_1_159' title='bbox 499 1572 744 1612; x_wconf 74' lang='lat' dir='ltr'>restitutione</span> <span class='ocrx_word' id='word_1_160' title='bbox 778 1581 911 1612; x_wconf 83' lang='lat' dir='ltr'>ortam</span> <span class='ocrx_word' id='word_1_161' title='bbox 946 1571 984 1609; x_wconf 88' lang='lat' dir='ltr'>in</span> <span class='ocrx_word' id='word_1_162' title='bbox 1021 1570 1198 1624; x_wconf 83' lang='lat' dir='ltr'>quolibet</span> <span class='ocrx_word' id='word_1_163' title='bbox 1233 1582 1433 1625; x_wconf 77' lang='lat' dir='ltr'>corpore3</span> <span class='ocrx_word' id='word_1_164' title='bbox 1470 1579 1511 1611; x_wconf 82' lang='lat' dir='ltr'>et</span> 
     </span>
     <span class='ocr_line' id='line_1_22' title="bbox 187 1635 1509 1692; baseline -0.002 -14"><span class='ocrx_word' id='word_1_165' title='bbox 187 1651 240 1678; x_wconf 83' lang='lat' dir='ltr'>ex</span> <span class='ocrx_word' id='word_1_166' title='bbox 274 1647 436 1692; x_wconf 73' lang='lat' dir='ltr'>Vtraque</span> <span class='ocrx_word' id='word_1_167' title='bbox 471 1638 691 1678; x_wconf 84' lang='lat' dir='ltr'>mutatione</span> <span class='ocrx_word' id='word_1_168' title='bbox 729 1636 925 1689; x_wconf 79' lang='lat' dir='ltr'>intelliges</span> <span class='ocrx_word' id='word_1_169' title='bbox 960 1636 1227 1675; x_wconf 86' lang='lat' dir='ltr'>mutationem</span> <span class='ocrx_word' id='word_1_170' title='bbox 1263 1635 1354 1674; x_wconf 75' lang='lat' dir='ltr'>situs</span> <span class='ocrx_word' id='word_1_171' title='bbox 1382 1636 1422 1675; x_wconf 87' lang='lat' dir='ltr'>in</span> <span class='ocrx_word' id='word_1_172' title='bbox 1444 1635 1509 1687; x_wconf 79' lang='lat' dir='ltr'>sy-</span> 
     </span>
     <span class='ocr_line' id='line_1_23' title="bbox 188 1699 1508 1754; baseline -0.003 -12"><span class='ocrx_word' id='word_1_173' title='bbox 188 1703 354 1742; x_wconf 83' lang='lat' dir='ltr'>stemate</span> <span class='ocrx_word' id='word_1_174' title='bbox 394 1715 472 1741; x_wconf 90' lang='lat' dir='ltr'>non</span> <span class='ocrx_word' id='word_1_175' title='bbox 510 1702 661 1753; x_wconf 73' lang='lat' dir='ltr'>soluto,</span> <span class='ocrx_word' id='word_1_176' title='bbox 698 1702 861 1754; x_wconf 82' lang='lat' dir='ltr'>indeque</span> <span class='ocrx_word' id='word_1_177' title='bbox 895 1699 1224 1740; x_wconf 82' lang='lat' dir='ltr'>accelerationem</span> <span class='ocrx_word' id='word_1_178' title='bbox 1270 1700 1508 1739; x_wconf 80' lang='lat' dir='ltr'>retardatio-</span> 
     </span>
     <span class='ocr_line' id='line_1_24' title="bbox 190 1761 1510 1820; baseline -0.002 -14"><span class='ocrx_word' id='word_1_179' title='bbox 190 1779 333 1806; x_wconf 83' lang='lat' dir='ltr'>nemue</span> <span class='ocrx_word' id='word_1_180' title='bbox 368 1779 504 1806; x_wconf 77' lang='lat' dir='ltr'>veram</span> <span class='ocrx_word' id='word_1_181' title='bbox 542 1768 705 1807; x_wconf 71' lang='lat' dir='ltr'>cuiusuis</span> <span class='ocrx_word' id='word_1_182' title='bbox 745 1767 926 1820; x_wconf 78' lang='lat' dir='ltr'>corporis</span> <span class='ocrx_word' id='word_1_183' title='bbox 977 1764 1024 1804; x_wconf 84' lang='lat' dir='ltr'>ad</span> <span class='ocrx_word' id='word_1_184' title='bbox 1071 1761 1234 1815; x_wconf 75' lang='lat' dir='ltr'>systema</span> <span class='ocrx_word' id='word_1_185' title='bbox 1275 1763 1510 1817; x_wconf 82' lang='lat' dir='ltr'>pertinentis</span> 
     </span>
     <span class='ocr_line' id='line_1_25' title="bbox 189 1831 400 1871; baseline -0.005 0"><span class='ocrx_word' id='word_1_186' title='bbox 189 1831 400 1871; x_wconf 74' lang='lat' dir='ltr'>obtinebis.</span> 
     </span>
    </p>
   </div>
   <div class='ocr_carea' id='block_1_4' title="bbox 191 1926 1511 2228">
    <p class='ocr_par' dir='ltr' id='par_1_4' title="bbox 191 1926 1511 2176">
     <span class='ocr_line' id='line_1_26' title="bbox 313 1926 1510 1984; baseline -0.001 -17"><span class='ocrx_word' id='word_1_187' title='bbox 313 1928 537 1984; x_wconf 79' lang='lat' dir='ltr'>Quomodo</span> <span class='ocrx_word' id='word_1_188' title='bbox 574 1927 669 1968; x_wconf 84' lang='lat' dir='ltr'>haec</span> <span class='ocrx_word' id='word_1_189' title='bbox 703 1929 836 1981; x_wconf 84' lang='lat' dir='ltr'>regula</span> <span class='ocrx_word' id='word_1_190' title='bbox 870 1928 918 1968; x_wconf 78' lang='lat' dir='ltr'>ad</span> <span class='ocrx_word' id='word_1_191' title='bbox 954 1926 1131 1982; x_wconf 79' lang='lat' dir='ltr'>praesens</span> <span class='ocrx_word' id='word_1_192' title='bbox 1164 1927 1342 1967; x_wconf 86' lang='lat' dir='ltr'>nostrum</span> <span class='ocrx_word' id='word_1_193' title='bbox 1376 1927 1423 1967; x_wconf 87' lang='lat' dir='ltr'>de</span> <span class='ocrx_word' id='word_1_194' title='bbox 1444 1926 1510 1967; x_wconf 84' lang='lat' dir='ltr'>os-</span> 
     </span>
     <span class='ocr_line' id='line_1_27' title="bbox 191 1992 1510 2046; baseline -0.001 -13"><span class='ocrx_word' id='word_1_195' title='bbox 191 1992 455 2034; x_wconf 71' lang='lat' dir='ltr'>cillationibus</span> <span class='ocrx_word' id='word_1_196' title='bbox 492 2004 708 2045; x_wconf 86' lang='lat' dir='ltr'>corporum</span> <span class='ocrx_word' id='word_1_197' title='bbox 744 1993 814 2032; x_wconf 87' lang='lat' dir='ltr'>filo</span> <span class='ocrx_word' id='word_1_198' title='bbox 849 1992 974 2033; x_wconf 85' lang='lat' dir='ltr'>flexili</span> <span class='ocrx_word' id='word_1_199' title='bbox 1009 1993 1221 2046; x_wconf 80' lang='lat' dir='ltr'>ligatorum</span> <span class='ocrx_word' id='word_1_200' title='bbox 1256 2002 1321 2033; x_wconf 83' lang='lat' dir='ltr'>aut</span> <span class='ocrx_word' id='word_1_201' title='bbox 1349 2003 1510 2032; x_wconf 86' lang='lat' dir='ltr'>catenae</span> 
     </span>
     <span class='ocr_line' id='line_1_28' title="bbox 191 2056 1511 2111; baseline 0 -14"><span class='ocrx_word' id='word_1_202' title='bbox 191 2057 433 2097; x_wconf 75' lang='lat' dir='ltr'>verticalitet</span> <span class='ocrx_word' id='word_1_203' title='bbox 468 2056 665 2109; x_wconf 60' lang='lat' dir='ltr'>sufipenlae</span> <span class='ocrx_word' id='word_1_204' title='bbox 699 2057 1033 2109; x_wconf 69' lang='lat' dir='ltr'>determinandis,</span> <span class='ocrx_word' id='word_1_205' title='bbox 1073 2058 1280 2111; x_wconf 84' lang='lat' dir='ltr'>negotium</span> <span class='ocrx_word' id='word_1_206' title='bbox 1302 2057 1511 2110; x_wconf 71' lang='lat' dir='ltr'>applican-</span> 
     </span>
     <span class='ocr_line' id='line_1_29' title="bbox 191 2122 1508 2176; baseline -0.002 -13"><span class='ocrx_word' id='word_1_207' title='bbox 191 2122 239 2163; x_wconf 81' lang='lat' dir='ltr'>da</span> <span class='ocrx_word' id='word_1_208' title='bbox 277 2123 348 2175; x_wconf 83' lang='lat' dir='ltr'>sit,</span> <span class='ocrx_word' id='word_1_209' title='bbox 383 2122 447 2162; x_wconf 77' lang='lat' dir='ltr'>liic</span> <span class='ocrx_word' id='word_1_210' title='bbox 483 2122 663 2173; x_wconf 80' lang='lat' dir='ltr'>docebo,</span> <span class='ocrx_word' id='word_1_211' title='bbox 699 2122 774 2163; x_wconf 80' lang='lat' dir='ltr'>alia</span> <span class='ocrx_word' id='word_1_212' title='bbox 809 2123 1014 2164; x_wconf 79' lang='lat' dir='ltr'>occasione</span> <span class='ocrx_word' id='word_1_213' title='bbox 1049 2123 1159 2176; x_wconf 87' lang='lat' dir='ltr'>idem</span> <span class='ocrx_word' id='word_1_214' title='bbox 1192 2122 1351 2163; x_wconf 69' lang='lat' dir='ltr'>fort-affe</span> <span class='ocrx_word' id='word_1_215' title='bbox 1385 2123 1508 2162; x_wconf 86' lang='lat' dir='ltr'>etiam</span> 
     </span>
    </p>

    <p class='ocr_par' dir='ltr' id='par_1_5' title="bbox 769 2187 1508 2228">
     <span class='ocr_line' id='line_1_30' title="bbox 769 2187 1508 2228; baseline -0.003 -1"><span class='ocrx_word' id='word_1_216' title='bbox 769 2187 813 2227; x_wconf 87' lang='lat' dir='ltr'>X</span> <span class='ocrx_word' id='word_1_217' title='bbox 851 2199 874 2224; x_wconf 84' lang='lat'>2</span> <span class='ocrx_word' id='word_1_218' title='bbox 1384 2199 1508 2228; x_wconf 85' lang='lat' dir='ltr'>mon-</span> 
     </span>
    </p>
   </div>
  </div>
 </body>
</html>
