2014 2761
499 172 588 212 240
707 155 799 200 DE
829 150 1306 202 MVTAnomBVs
1341 153 1607 214 CAmRIS

494 279 682 319 tationem
711 278 899 332 quandam
928 277 1106 328 afferret,
1132 287 1172 318 et
1197 276 1439 332 deprehendi
1467 290 1604 332 aquam
1624 291 1680 332 gr.
1697 292 1808 331 1550*

493 353 530 382 et
566 343 593 383 si
627 344 777 397 quando
819 343 975 383 frustum
1019 343 1153 396 glaciei
1189 342 1228 381 in
1266 343 1447 383 viciniam
1480 343 1718 383 instrumenti
1751 346 1807 386 af-

496 408 654 458 flueret,
692 417 770 448 erat
800 421 855 461 gr.
895 407 1026 463 15132.
1063 407 1139 446 hoc
1172 406 1249 455 est,
1295 420 1411 460 quam
1445 409 1627 460 proxime
1663 409 1807 451 acceffit

495 475 542 514 ad
573 473 686 525 frigus
718 472 933 522 summum,
971 472 1072 512 cuius
1104 484 1197 524 aqua
1229 471 1376 522 hyeme
1412 485 1534 526 capax
1566 481 1657 513 erat.

616 568 659 610 D
709 583 751 611 2.
783 570 893 611 Maii.
928 569 1168 609 Ther-mom.
1199 570 1238 609 in
1268 583 1353 611 aere
1385 571 1514 625 quieto
1540 570 1592 610 est
1620 583 1676 624 gr.
1705 584 1810 622 142.

496 635 537 676 in
564 634 686 676 libero
721 649 821 685 140.
859 648 920 675 aer
953 634 1007 675 est
1042 634 1256 687 tranquillus
1288 635 1363 676 fine
1396 636 1506 675 omni
1542 646 1683 685 vento,
1720 648 1814 676 coe⁴

495 699 576 740 lum
606 700 777 740 nubilum
806 712 932 740 rorem
962 699 1172 752 pluuiosum
1201 698 1395 753 spargens,
1429 700 1566 752 glacies
1596 701 1812 751 continuat⁷

495 763 556 804 sed
592 777 718 818 prope
751 765 876 817 ripam
912 764 1085 804 alteram.
1171 759 1352 804 Ceterum
1392 764 1488 803 circa
1529 764 1654 816 ripam
1689 773 1815 803 natant

497 831 681 883 quaedam
712 829 844 883 glaciei
876 830 1079 881 particulae
1093 859 1102 877 ‚
1138 837 1175 867 et
1192 827 1313 868 adhuc
1333 829 1425 868 dum
1446 828 1498 868 est
1517 841 1610 881 aqua
1628 841 1684 881 gr.
1705 843 1722 867 1
1736 841 1754 877 5
1770 842 1787 867 1
1801 858 1812 871 .

496 894 595 934 circa
628 894 827 933 decimam,
855 893 965 945 surgit
990 893 1134 932 Ventus
1161 891 1235 930 W.

694 955 804 997 Circa
833 957 1038 996 meridiem
1072 958 1212 995 ierenat
1234 986 1244 1005 ,
1296 955 1464 996 Therm.
1502 955 1539 994 in
1572 967 1656 995 aere
1688 958 1817 1009 quieto

504 1034 695 1075 gr.132.
762 1018 809 1061 In
843 1019 934 1062 Sole
967 1034 1025 1075 gr.
1062 1034 1166 1071 119.
1201 1020 1250 1060 in
1274 1033 1390 1074 aqua,
1427 1020 1487 1060 cui
1521 1019 1644 1060 adhuc
1682 1021 1821 1074 glacies

504 1086 713 1135 innatabat,
745 1098 804 1142 gr.
842 1097 954 1137 151...

623 1183 680 1225 D.
719 1200 760 1236 3.
800 1184 910 1227 Maii.
955 1184 1194 1227 Thermom.
1225 1186 1262 1226 in
1293 1197 1375 1226 aere
1402 1184 1531 1238 quieto
1558 1196 1671 1225 mane
1705 1196 1816 1236 130,

500 1250 540 1291 in
573 1246 648 1290 sole
687 1263 787 1290 122.
824 1251 923 1290 circa
958 1251 1161 1291 meridiem
1195 1252 1233 1291 in
1265 1263 1350 1291 aere
1381 1250 1510 1307 quieto
1543 1262 1599 1302 gr.
1641 1264 1741 1301 123.
1779 1251 1817 1290 in

505 1315 580 1355 {oie
611 1328 667 1368 gr.
712 1319 817 1355 116.
873 1316 912 1355 in
946 1328 1038 1368 aqua
1075 1329 1132 1368 gr.
1180 1329 1280 1366 150.
1392 1313 1484 1356 NB.
1523 1313 1618 1355 Dics
1652 1315 1817 1363 serenus,

506 1381 604 1420 circa
633 1380 837 1419 meridiem
874 1379 988 1419 nubes
1024 1380 1212 1433 pluuiosae
1243 1387 1441 1430 vagantes,
1476 1378 1620 1418 Ventus
1645 1381 1748 1419 fortis
1774 1377 1814 1419 S.

507 1440 659 1483 Glacies
698 1445 794 1482 circa
837 1443 983 1484 sextam
1028 1443 1260 1482 matutinam
1304 1440 1408 1480 desiit
1449 1440 1578 1481 fluere.
1663 1442 1818 1496 Vesperi

508 1505 661 1547 coelum
696 1507 915 1557 obscurum,
952 1506 989 1545 T
993 1505 1118 1546 herm.
1154 1507 1192 1546 in
1226 1517 1311 1545 aere
1342 1503 1463 1544 libero
1498 1517 1553 1557 gr.
1596 1519 1647 1556 13
1658 1517 1697 1554 5.

628 1613 684 1656 D.
711 1629 755 1666 4.
781 1613 890 1654 Maii.
929 1612 1068 1663 Mane,
1099 1611 1286 1666 pluuiola,
1318 1611 1461 1651 Ventus
1481 1611 1621 1661 nullus,
1652 1611 1816 1653 Therm.

508 1680 548 1720 in
581 1692 666 1720 aere
702 1681 821 1719 libero
854 1692 909 1731 gr.
947 1682 1048 1728 138.
1094 1679 1131 1717 in
1164 1690 1255 1731 aqua
1298 1689 1355 1729 gr.
1392 1691 1497 1727 149.
1543 1688 1641 1716 mox
1682 1677 1822 1730 ingruit

511 1744 650 1798 pluuia.
690 1744 927 1784 Thermum,
962 1743 998 1782 in
1026 1755 1112 1782 aere
1141 1741 1315 1795 pluuioso
1342 1753 1398 1794 gr.
1435 1744 1540 1791 136.
1572 1741 1696 1794 pluuia
1725 1755 1822 1782 con-

512 1811 628 1850 tinuat
664 1810 708 1849 ad
747 1809 950 1849 meridiem
984 1819 1096 1860 vsque
1132 1819 1220 1846 cum
1258 1805 1476 1845 vehementi
1511 1816 1629 1845 vento
1661 1818 1712 1846 ex
1747 1806 1819 1848 W.

511 1874 562 1913 ita
596 1885 634 1914 vt
664 1874 794 1914 fluuius
823 1873 868 1913 nd
897 1882 1054 1926 quatuor
1083 1872 1196 1923 pedes
1222 1870 1333 1910 altior
1361 1870 1558 1920 cresceret,
1602 1871 1734 1911 'cecidit
1762 1871 1821 1911 in-

514 1948 615 1978 terea
646 1939 815 1978 Μαι-ειη.
852 1938 890 1976 iu
918 1935 1223 1976 Thermomctro
1259 1935 1303 1975 ad
1337 1945 1504 1988 quartam
1540 1935 1677 1975 horam
1712 1948 1824 1989 vsquc

515 2003 561 2042 nd
597 2016 648 2055 gr,
697 2017 799 2053 142.
842 2000 980 2054 vesperi
1016 2001 1099 2054 post
1136 1999 1304 2040 occasum
1342 1999 1388 2039 ad
1421 2012 1477 2052 gr.
1514 2013 1616 2050 144.
1662 2000 1700 2038 in
1732 2000 1822 2038 loco

517 2068 675 2119 quictn3
730 2069 767 2106 in
811 2079 903 2118 aqua
946 2065 1084 2104 eodem
1127 2075 1304 2118 tempore
1349 2074 1427 2103 crat
1468 2076 1524 2115 gr.
1567 2067 1668 2112 148.
1714 2063 1823 2103 citius

517 2132 623 2175 enim
656 2131 706 2170 ob
740 2130 974 2171 altitudinem
1009 2129 1173 2171 fluminis
1205 2128 1382 2170 accedere
1417 2140 1495 2168 nou
1527 2136 1716 2183 poteram.

1682 2200 1739 2244 D.
1778 2215 1821 2253 5.
