2014 2761
355 164 801 216 COGzTATIONES
831 167 1333 220 PHYSIOLOGJCAE.
1405 179 1494 232 289

171 302 257 335 neat
279 322 290 342 ,
334 293 461 350 posito
491 291 609 336 semel
642 293 861 348 aequilibrio
881 326 891 346 ,
934 304 979 337 vt
1014 296 1139 352 potius
1181 305 1338 339 motum
1371 298 1420 340 sui
1456 300 1496 340 in

175 361 282 400 venis
312 361 364 402 ob
396 359 560 401 eandem
594 361 757 400 cauffiim
790 360 995 415 impediat.

296 419 334 468 §-
375 439 447 476 14.
504 425 702 483 Quoniam
730 437 824 466 vero
853 426 934 466 vasa
966 427 1181 469 naturaliter
1212 440 1292 469 non
1324 428 1404 470 sunt
1435 430 1498 471 in·-

172 489 255 532 ania
277 522 288 542 ,
331 489 391 531 sed
419 489 536 544 plena
556 521 567 540 ,
603 499 641 530 et
674 502 741 530 nos
772 490 863 531 scire
897 501 1050 545 oportet
1072 524 1081 542 ,
1136 494 1224 548 quid
1258 494 1297 534 in
1330 494 1494 536 homine

169 555 342 610 perfeeto
375 566 501 595 reuera
533 554 698 606 accidat,
735 566 834 603 non,
869 557 957 609 quid
990 557 1157 597 accidere
1191 556 1332 612 possit?
1365 561 1494 602 omnis

166 621 337 675 quaestio
369 633 420 661 eo
454 619 664 670 reducitur,
711 628 754 662 vt
786 620 950 673 sciatur,
994 635 1041 662 an
1076 622 1184 663 tubus
1218 624 1372 665 venosus
1406 626 1492 666 bre-

164 686 252 728 nior
286 686 350 736 fit,
386 697 503 740 quam
538 684 733 726 arteriosus
753 715 765 737 ,
815 695 853 726 et
886 685 974 726 hinc
1006 687 1149 742 sanguis
1170 720 1180 739 ,
1231 702 1351 743 quum
1384 698 1490 732 aorta

165 750 266 792 vltra
303 750 483 792 libellam
525 749 726 805 repletur,
784 762 834 791 ex
869 763 966 792 vena
998 752 1037 792 in
1069 765 1135 793 cor
1166 753 1362 796 delabatur
1383 787 1394 807 ,
1448 765 1489 798 et

163 825 306 871 quanto
338 816 523 870 temporis
552 816 672 869 spatio
704 814 780 856 hoc
813 813 1049 870 peragatur?
1091 817 1148 860 Sit
1182 819 1297 873 igitur
1328 820 1489 876 aequili-

165 881 292 922 brium
326 880 508 934 sanguinis
538 889 622 921 tam
650 880 781 921 venosi
809 893 924 935 quam
953 883 1119 925 arteriosi
1148 885 1246 925 circa
1275 886 1486 927 terminum

160 944 370 988 insertionis
401 957 521 986 venae
548 946 587 987 in
615 957 707 999 cor,
743 946 790 987 ad
820 945 969 988 lineam
999 949 1038 988 A
1058 946 1106 988 B.
1178 950 1376 1003 Augeatur
1403 951 1484 992 san·
1512 961 1614 1001 Figunt
1639 970 1670 1001 3.

156 1011 239 1065 guis
270 1009 465 1052 arteriosus
499 1011 694 1053 additione
728 1024 850 1064 noua,
895 1013 1142 1068 vndecunque
1173 1014 1238 1056 illa
1271 1014 1368 1057 faeta
1402 1017 1483 1057 fue-

157 1075 209 1116 rit
228 1106 239 1127 ,
291 1086 410 1131 vsque
441 1076 493 1118 ad
526 1077 709 1131 angulum
743 1087 873 1119 nortae
906 1075 956 1119 C.
1019 1078 1168 1137 Quodsi
1200 1081 1364 1135 grauitas
1396 1081 1483 1124 vllo

157 1141 282 1182 modo
310 1142 452 1195 aliquid
486 1143 726 1184 contribuere
758 1143 883 1197 potest
915 1145 961 1185 ad
993 1155 1151 1186 motum
1188 1146 1369 1200 sanguinis
1388 1177 1399 1198 ‚
1441 1147 1480 1188 id

156 1217 279 1247 omne
307 1218 328 1246 a
356 1205 437 1246 solo
466 1206 542 1247 hoc
569 1208 716 1248 excessu
745 1208 973 1260 altitudinis,
1008 1206 1114 1259 CB,
1150 1212 1372 1264 proueniat,
1411 1223 1477 1251 ne-

153 1271 254 1312 ceffe
287 1270 354 1312 est.
421 1267 526 1312 Cum
554 1284 650 1313 vero
678 1273 945 1326 experimenta
973 1273 1137 1314 doceant
1173 1268 1227 1324 (ξ.
1255 1278 1371 1326 12.),
1401 1288 1475 1330 quo

151 1336 359 1377 stibtiliores
397 1336 468 1379 sint
501 1337 579 1377 tubi
613 1337 810 1391 capillares
830 1369 841 1389 ‚
898 1347 936 1378 et
968 1350 1045 1392 quo
1077 1339 1227 1380 altiores
1262 1339 1332 1381 siut
1364 1340 1475 1382 colu-³

151 1412 267 1442 mnae
302 1401 433 1452 fluidi,
477 1413 527 1440 eo
561 1401 822 1442 difficiliorem
855 1400 929 1441 effe
965 1403 1185 1454 transitum,
1227 1415 1351 1458 eoque
1384 1406 1477 1446 lon-

151 1466 299 1519 giorem
334 1477 488 1507 moram
519 1465 643 1519 trahi3
680 1478 768 1507 cum
796 1475 988 1521 praeterea
1017 1467 1158 1522 sanguis
1186 1470 1386 1510 tenacitate
1413 1470 1470 1511 sua

151 1532 279 1572 multo
309 1531 575 1573 vehementius
606 1530 745 1572 resistat
767 1562 778 1582 ,
824 1544 939 1586 quam
975 1545 1069 1588 aqua
1090 1564 1101 1584 ,
1146 1543 1186 1574 et
1220 1532 1308 1575 hinc
1343 1545 1472 1577 motus

148 1594 372 1638 lentiffimus
389 1596 595 1649 efficiatur,
614 1596 677 1651 qui
695 1609 785 1638 cum
805 1597 996 1638 celeritate
1017 1609 1145 1639 motus
1162 1600 1284 1640 cordis
1302 1600 1469 1641 minime

147 1660 376 1717 respondet3
428 1675 518 1703 cum
552 1675 672 1717 porro
707 1662 799 1703 basis
836 1661 1072 1716 capillarium
1106 1663 1145 1703 in
1180 1676 1295 1718 quam
1329 1664 1469 1719 preffio

146 1735 366 1778 exercetur,
397 1728 560 1769 minima
579 1728 646 1783 sit,
677 1740 766 1770 cum
793 1728 952 1781 denique
978 1729 1017 1769 in
1046 1727 1209 1769 homine
1235 1728 1410 1783 perfecto
1429 1740 1467 1772 et

145 1790 236 1830 fano
255 1791 352 1832 circa
370 1791 514 1833 lineam
534 1792 619 1834 AB
637 1792 900 1848 aequilibrium
928 1792 1071 1848 fingere
1096 1792 1291 1835 absurdum
1312 1794 1378 1846 fit,
1414 1794 1464 1836 fi-

144 1857 305 1911 quidem
332 1855 473 1910 sanguis
502 1858 540 1898 in
564 1858 660 1899 vasis
678 1858 771 1899 AD
789 1868 828 1899 et
848 1859 935 1901 ΑΕ
953 1860 1172 1910 continuam,
1201 1869 1240 1901 et
1266 1859 1380 1914 longe
1406 1861 1464 1902 su-

143 1935 215 1977 pra
241 1921 409 1962 libellam
431 1920 516 1962 AB
535 1931 575 1963 et
595 1921 691 1973 FC,
724 1923 888 1965 eleuatus
905 1924 970 1966 fit:
1005 1925 1055 1966 ita
1083 1925 1338 1966 subducendus
1363 1926 1461 1968 mihi

141 1986 304 2028 calculus
332 1988 509 2038 videtur,
554 1996 598 2028 vt
629 1989 906 2030 enunciandum
933 1989 1001 2042 fit,
1035 1989 1215 2044 sanguinis
1245 1989 1460 2034 transfusio-

141 2065 234 2094 nem
259 2053 511 2105 grauitatione
539 2052 598 2093 sua
626 2061 690 2093 aut
717 2053 826 2106 plane
852 2053 970 2105 nihil,
1004 2064 1067 2096 aut
1085 2065 1184 2096 certe
1203 2056 1300 2097 adeo
1319 2069 1457 2112 parum

139 2119 384 2172 promoueri,
412 2127 454 2158 vt
473 2116 567 2158 haec
586 2118 643 2159 vis
668 2117 839 2172 respectu
866 2118 1023 2161 aliarum
1046 2122 1305 2175 potentiarum
1325 2121 1459 2176 insigni

137 2182 326 2226 celeritate
355 2183 550 2239 agentium
575 2196 649 2241 pro
676 2182 873 2291 inieilifibili
900 2193 939 2227 et
965 2185 1067 2228 nulla
1095 2186 1267 2230 habenda
1295 2186 1353 2300 ίςῐῑ.

802 2262 833 2308 p
871 2262 898 2291 2
1328 2280 1336 2290 .
1377 2257 1448 2300 15.
