2014 2761
903 218 1079 261 ORBI'I
1082 218 1160 261 ΑΕ
1195 214 1437 261 SOLARIS

525 230 614 438 0
632 337 720 436 R
739 329 1603 531 Benene&
1618 331 1709 429 R
1725 331 1830 431 1ss

1047 543 1342 581 AVCTORE

942 600 1147 661 Leonh.
1184 598 1404 661 Eulem.

1126 755 1159 805 ς.
1201 766 1240 794 1.

707 851 759 891 Pe
793 849 1004 902 methodi,
1038 862 1156 905 quam
1191 850 1232 891 in
1275 848 1532 902 praecedente
1573 850 1843 893 differtatione

739 914 930 969 exposui,
964 913 1078 956 facile
1112 915 1187 954 erit
1219 913 1421 965 orbitam,
1451 926 1568 967 quam
1598 923 1698 957 terra
1728 927 1843 957 motu

741 992 872 1020 annuo
905 980 1007 1019 circa
1050 978 1173 1018 solem
1215 977 1418 1026 describit,
1453 978 1513 1018 seu
1553 982 1655 1033 quod
1701 982 1846 1021 eodem

531 1047 632 1088 redit
666 1045 844 1086 orbitam
878 1043 1046 1084 solarem
1079 1043 1366 1092 determinare,
1402 1054 1453 1082 ex
1487 1043 1587 1083 datis
1619 1046 1740 1085 tribus
1780 1046 1847 1084 lo·

531 1112 586 1152 cis
621 1111 710 1151 solis
745 1120 796 1148 ex
832 1118 932 1148 terra
966 1107 1077 1159 visk,
1115 1120 1188 1147 vna
1223 1119 1313 1147 cum
1349 1116 1578 1159 temporum
1615 1108 1841 1148 interuallis.

534 1174 815 1232 Quamobrem
850 1173 898 1213 ad
933 1172 1105 1213 orbitam
1142 1171 1232 1211 solis
1265 1183 1381 1224 quam
1416 1170 1660 1211 cxacnffime
1702 1171 1847 1212 defini-

534 1242 705 1290 endam,
739 1247 904 1290 oportet
938 1248 980 1277 vt
1012 1248 1064 1276 ex
1096 1234 1433 1275 obseruationibus
1469 1235 1744 1276 astronomicis
1773 1237 1847 1276 tria

536 1303 627 1346 solis
672 1303 759 1343 loca
814 1300 1027 1353 eligamus,
1067 1299 1117 1339 de
1159 1298 1295 1351 quibus
1329 1298 1497 1337 minime
1531 1299 1709 1339 dubitare
1742 1299 1846 1340 licet.

536 1365 777 1410 Huiusmodi
811 1374 944 1405 autem
980 1363 1068 1403 solis
1101 1362 1190 1403 loca
1224 1363 1264 1401 in
1298 1361 1501 1411 eccliptica
1539 1362 1599 1402 seu
1631 1364 1757 1403 orbita
1786 1363 1848 1405 sua

536 1446 630 1474 cum
682 1443 733 1469 ex
779 1426 1045 1467 altitudinibus
1097 1423 1322 1462 meridianis
1366 1422 1543 1462 desinare
1587 1425 1733 1464 neccsse
1776 1426 1845 1478 sit,

538 1494 732 1535 conducet
761 1489 956 1530 eiusmodi
991 1487 1283 1528 obseruationes
1309 1485 1481 1526 adhunc
1516 1486 1624 1527 vsum
1645 1489 1850 1542 adhibere,

540 1571 640 1613 quae
673 1558 776 1597 circa
811 1553 1058 1607 aequinoctia
1092 1551 1166 1592 fiut
1199 1550 1349 1601 meme,
1385 1563 1435 1590 eo
1470 1552 1575 1604 quod
1606 1551 1852 1607 histempo-

541 1624 647 1666 ribus
681 1621 872 1662 minimus
905 1630 1016 1659 error
1049 1617 1089 1656 in
1126 1615 1372 1668 longitudine
1413 1615 1574 1656 oriatur.
1643 1618 1850 1659 Reiicien-

541 1688 609 1729 das
645 1687 763 1739 igitur
796 1684 842 1724 ad
875 1682 979 1723 hunc
1014 1681 1135 1722 finem
1168 1680 1246 1720 effe
1274 1680 1406 1720 iudico
1426 1679 1718 1722 obseruationes
1746 1684 1851 1724 circa

541 1752 700 1792 solstitia
735 1748 880 1798 [πᾶ-35,
915 1759 1007 1787 cum
1041 1746 1101 1789 his
1120 1744 1366 1799 temporibus
1403 1745 1522 1784 etiam
1546 1756 1597 1784 ex
1617 1746 1852 1786 accuratissi-

546 1817 623 1858 mis
656 1810 991 1855 obseruationibus
1023 1811 1072 1851 de
1106 1809 1198 1850 loco
1233 1808 1322 1849 solis
1359 1809 1430 1849 vix
1461 1809 1509 1849 ad
1536 1809 1688 1863 aliquot
1716 1811 1854 1854 minu-

547 1891 585 1923 ta
619 1881 746 1934 prima
780 1879 874 1918 certi
908 1873 985 1915 effe
1018 1873 1220 1929 poffimus.

663 2010 682 2057 ξ
744 2019 784 2044 2.
823 2002 1050 2045 Perlustraui
1092 2015 1188 2056 ergo
1232 2002 1271 2042 in
1315 2002 1417 2043 hunc
1461 2001 1585 2043 finem
1621 2001 1853 2058 Fla'nsteedii

550 2072 752 2112 historiam
785 2070 1022 2116 coelestem,
1060 2078 1174 2120 atque
1208 2080 1259 2107 ex
1292 2068 1560 2108 altitudinibus
1592 2066 1681 2105 solis
1724 2070 1854 2109 meri-

549 2136 674 2177 dianis
705 2136 786 2175 eius
816 2133 901 2173 loca
932 2134 971 2172 in
998 2131 1201 2185 eccliptica
1229 2132 1382 2173 calculo
1414 2132 1601 2172 deducere
1631 2128 1710 2171 sum
1740 2133 1857 2172 :mni-

1780 2195 1852 2236 sus.
