<?xml version="1.0" encoding="UTF-8"?>
<!DOCTYPE html PUBLIC "-//W3C//DTD XHTML 1.0 Transitional//EN"
    "http://www.w3.org/TR/xhtml1/DTD/xhtml1-transitional.dtd">
<html xmlns="http://www.w3.org/1999/xhtml" xml:lang="en" lang="en">
 <head>
  <title>
</title>
<meta http-equiv="Content-Type" content="text/html;charset=utf-8" />
  <meta name='ocr-system' content='tesseract 3.04.00' />
  <meta name='ocr-capabilities' content='ocr_page ocr_carea ocr_par ocr_line ocrx_word'/>
</head>
<body>
  <div class='ocr_page' id='page_1' title='image "./commentariiacade07impe_0261.png"; bbox 0 0 2014 2761; ppageno 0'>
   <div class='ocr_carea' id='block_1_1' title="bbox 361 162 1513 229">
    <p class='ocr_par' dir='ltr' id='par_1_1' title="bbox 361 162 1513 229">
     <span class='ocr_line' id='line_1_1' title="bbox 361 162 1513 229; baseline -0.002 -17"><span class='ocrx_word' id='word_1_1' title='bbox 361 164 450 213; x_wconf 73' lang='lat' dir='ltr'>‘ET</span> <span class='ocrx_word' id='word_1_2' title='bbox 482 163 766 215; x_wconf 82' lang='lat' dir='ltr'>FRIGORIS</span> <span class='ocrx_word' id='word_1_3' title='bbox 797 162 987 229; x_wconf 66' lang='grc' dir='ltr'><em>ΑῼῐἎΕ</em></span> <span class='ocrx_word' id='word_1_4' title='bbox 1018 162 1338 213; x_wconf 83' lang='lat' dir='ltr'><strong><em>FLVENTIS.</em></strong></span> <span class='ocrx_word' id='word_1_5' title='bbox 1424 180 1513 222; x_wconf 80' lang='lat'>241</span> 
     </span>
    </p>
   </div>
   <div class='ocr_carea' id='block_1_2' title="bbox 201 285 1521 766">
    <p class='ocr_par' dir='ltr' id='par_1_2' title="bbox 201 285 1521 766">
     <span class='ocr_line' id='line_1_2' title="bbox 320 285 1519 342; baseline 0.001 -13"><span class='ocrx_word' id='word_1_6' title='bbox 320 287 374 329; x_wconf 94' lang='lat' dir='ltr'>D.</span> <span class='ocrx_word' id='word_1_7' title='bbox 418 300 460 339; x_wconf 83' lang='lat'>5.</span> <span class='ocrx_word' id='word_1_8' title='bbox 494 287 609 330; x_wconf 84' lang='lat' dir='ltr'>Maii.</span> <span class='ocrx_word' id='word_1_9' title='bbox 652 285 866 339; x_wconf 85' lang='lat' dir='ltr'>Serenum,</span> <span class='ocrx_word' id='word_1_10' title='bbox 904 287 1071 329; x_wconf 82' lang='lat' dir='ltr'>Therm.</span> <span class='ocrx_word' id='word_1_11' title='bbox 1109 288 1148 328; x_wconf 92' lang='lat' dir='ltr'>in</span> <span class='ocrx_word' id='word_1_12' title='bbox 1180 299 1265 327; x_wconf 77' lang='lat' dir='ltr'>aere</span> <span class='ocrx_word' id='word_1_13' title='bbox 1297 288 1429 342; x_wconf 82' lang='lat' dir='ltr'>quicto</span> <span class='ocrx_word' id='word_1_14' title='bbox 1461 302 1519 342; x_wconf 87' lang='lat' dir='ltr'>gr.</span> 
     </span>
     <span class='ocr_line' id='line_1_3' title="bbox 201 353 1515 409; baseline 0.003 -17"><span class='ocrx_word' id='word_1_15' title='bbox 201 363 312 405; x_wconf 66' lang='lat'>140.</span> <span class='ocrx_word' id='word_1_16' title='bbox 342 354 381 394; x_wconf 88' lang='lat' dir='ltr'>in</span> <span class='ocrx_word' id='word_1_17' title='bbox 409 353 533 394; x_wconf 83' lang='lat' dir='ltr'>libero</span> <span class='ocrx_word' id='word_1_18' title='bbox 552 363 670 394; x_wconf 83' lang='lat' dir='ltr'>vento</span> <span class='ocrx_word' id='word_1_19' title='bbox 689 353 765 394; x_wconf 85' lang='lat' dir='ltr'>W.</span> <span class='ocrx_word' id='word_1_20' title='bbox 799 353 930 408; x_wconf 67' lang='lat' dir='ltr'>expos}</span> <span class='ocrx_word' id='word_1_21' title='bbox 952 366 1009 407; x_wconf 85' lang='lat' dir='ltr'>gr.</span> <span class='ocrx_word' id='word_1_22' title='bbox 1028 367 1127 404; x_wconf 87' lang='lat'><em>142.</em></span> <span class='ocrx_word' id='word_1_23' title='bbox 1159 354 1198 393; x_wconf 88' lang='lat' dir='ltr'>in</span> <span class='ocrx_word' id='word_1_24' title='bbox 1218 366 1310 406; x_wconf 74' lang='lat' dir='ltr'>aqua</span> <span class='ocrx_word' id='word_1_25' title='bbox 1330 368 1374 409; x_wconf 83' lang='lat' dir='ltr'>gr</span> <span class='ocrx_word' id='word_1_26' title='bbox 1409 358 1515 406; x_wconf 81' lang='lat'>148.</span> 
     </span>
     <span class='ocr_line' id='line_1_4' title="bbox 395 425 1521 481; baseline 0.003 -13"><span class='ocrx_word' id='word_1_27' title='bbox 395 425 507 469; x_wconf 83' lang='lat' dir='ltr'>Circa</span> <span class='ocrx_word' id='word_1_28' title='bbox 540 427 744 468; x_wconf 83' lang='lat' dir='ltr'>meridiem</span> <span class='ocrx_word' id='word_1_29' title='bbox 780 427 907 468; x_wconf 72' lang='lat' dir='ltr'>nubila</span> <span class='ocrx_word' id='word_1_30' title='bbox 942 437 1154 481; x_wconf 75' lang='lat' dir='ltr'>vagantur,</span> <span class='ocrx_word' id='word_1_31' title='bbox 1206 427 1445 469; x_wconf 81' lang='lat' dir='ltr'>Thermom.</span> <span class='ocrx_word' id='word_1_32' title='bbox 1481 430 1521 472; x_wconf 85' lang='lat' dir='ltr'>in</span> 
     </span>
     <span class='ocr_line' id='line_1_5' title="bbox 202 492 1519 552; baseline 0.003 -20"><span class='ocrx_word' id='word_1_33' title='bbox 202 504 287 552; x_wconf 67' lang='lat' dir='ltr'>aere</span> <span class='ocrx_word' id='word_1_34' title='bbox 313 505 367 546; x_wconf 85' lang='lat' dir='ltr'>gr.</span> <span class='ocrx_word' id='word_1_35' title='bbox 395 505 499 542; x_wconf 80' lang='lat'>130.</span> <span class='ocrx_word' id='word_1_36' title='bbox 536 493 575 532; x_wconf 85' lang='lat' dir='ltr'>in</span> <span class='ocrx_word' id='word_1_37' title='bbox 596 492 680 532; x_wconf 81' lang='lat' dir='ltr'>sole</span> <span class='ocrx_word' id='word_1_38' title='bbox 701 504 760 544; x_wconf 86' lang='lat' dir='ltr'>gr.</span> <span class='ocrx_word' id='word_1_39' title='bbox 786 501 888 542; x_wconf 86' lang='lat'>125.</span> <span class='ocrx_word' id='word_1_40' title='bbox 925 493 965 532; x_wconf 90' lang='lat' dir='ltr'>in</span> <span class='ocrx_word' id='word_1_41' title='bbox 992 506 1110 546; x_wconf 76' lang='lat' dir='ltr'>aqua,</span> <span class='ocrx_word' id='word_1_42' title='bbox 1144 492 1260 535; x_wconf 76' lang='lat' dir='ltr'>flante</span> <span class='ocrx_word' id='word_1_43' title='bbox 1286 493 1329 536; x_wconf 90' lang='lat' dir='ltr'>N</span> <span class='ocrx_word' id='word_1_44' title='bbox 1346 494 1400 535; x_wconf 91' lang='lat' dir='ltr'>O.</span> <span class='ocrx_word' id='word_1_45' title='bbox 1429 507 1519 552; x_wconf 84' lang='lat' dir='ltr'>par-</span> 
     </span>
     <span class='ocr_line' id='line_1_6' title="bbox 201 567 497 613; baseline -0.014 -15"><span class='ocrx_word' id='word_1_46' title='bbox 201 568 273 609; x_wconf 75' lang='grc' dir='ltr'>υο,</span> <span class='ocrx_word' id='word_1_47' title='bbox 307 567 497 613; x_wconf 60' lang='grc'><strong>31·.14.7.</strong></span> 
     </span>
     <span class='ocr_line' id='line_1_7' title="bbox 391 630 1174 689; baseline 0.008 -18"><span class='ocrx_word' id='word_1_48' title='bbox 391 630 548 686; x_wconf 87' lang='lat' dir='ltr'>Vesperi</span> <span class='ocrx_word' id='word_1_49' title='bbox 580 632 619 672; x_wconf 80' lang='lat' dir='ltr'>in</span> <span class='ocrx_word' id='word_1_50' title='bbox 653 632 784 674; x_wconf 80' lang='lat' dir='ltr'>media</span> <span class='ocrx_word' id='word_1_51' title='bbox 819 632 946 688; x_wconf 84' lang='lat' dir='ltr'>pluuia</span> <span class='ocrx_word' id='word_1_52' title='bbox 977 648 1035 689; x_wconf 82' lang='lat' dir='ltr'>gr.</span> <span class='ocrx_word' id='word_1_53' title='bbox 1070 647 1174 687; x_wconf 82' lang='lat'><em>140.</em></span> 
     </span>
     <span class='ocr_line' id='line_1_8' title="bbox 389 704 1351 766; baseline 0.005 -18"><span class='ocrx_word' id='word_1_54' title='bbox 389 704 469 749; x_wconf 85' lang='lat' dir='ltr'>Sub</span> <span class='ocrx_word' id='word_1_55' title='bbox 503 709 676 749; x_wconf 83' lang='lat' dir='ltr'>occasum</span> <span class='ocrx_word' id='word_1_56' title='bbox 710 721 767 763; x_wconf 86' lang='lat' dir='ltr'>gr.</span> <span class='ocrx_word' id='word_1_57' title='bbox 812 722 914 762; x_wconf 84' lang='lat'>145.</span> <span class='ocrx_word' id='word_1_58' title='bbox 951 712 990 752; x_wconf 87' lang='lat' dir='ltr'>in</span> <span class='ocrx_word' id='word_1_59' title='bbox 1023 725 1118 766; x_wconf 75' lang='lat' dir='ltr'>aqua</span> <span class='ocrx_word' id='word_1_60' title='bbox 1150 725 1206 766; x_wconf 86' lang='lat' dir='ltr'>gr.</span> <span class='ocrx_word' id='word_1_61' title='bbox 1248 722 1351 764; x_wconf 86' lang='lat'><strong>14¹7.</strong></span> 
     </span>
    </p>
   </div>
   <div class='ocr_carea' id='block_1_3' title="bbox 190 814 1518 1080">
    <p class='ocr_par' dir='ltr' id='par_1_3' title="bbox 190 814 1518 1004">
     <span class='ocr_line' id='line_1_9' title="bbox 317 814 1518 873; baseline 0.006 -15"><span class='ocrx_word' id='word_1_62' title='bbox 317 814 377 858; x_wconf 85' lang='lat' dir='ltr'>D.</span> <span class='ocrx_word' id='word_1_63' title='bbox 408 821 451 857; x_wconf 84' lang='lat'>6.</span> <span class='ocrx_word' id='word_1_64' title='bbox 483 816 596 858; x_wconf 78' lang='lat' dir='ltr'>Maii.</span> <span class='ocrx_word' id='word_1_65' title='bbox 632 817 783 858; x_wconf 79' lang='lat' dir='ltr'>Ventus</span> <span class='ocrx_word' id='word_1_66' title='bbox 800 817 877 860; x_wconf 91' lang='lat' dir='ltr'>W.</span> <span class='ocrx_word' id='word_1_67' title='bbox 910 819 1025 861; x_wconf 87' lang='lat' dir='ltr'>nubes</span> <span class='ocrx_word' id='word_1_68' title='bbox 1042 828 1237 873; x_wconf 72' lang='lat' dir='ltr'>vagantes.</span> <span class='ocrx_word' id='word_1_69' title='bbox 1273 821 1518 866; x_wconf 73' lang='lat' dir='ltr'>&#39;rhei-mom.</span> 
     </span>
     <span class='ocr_line' id='line_1_10' title="bbox 190 881 1513 942; baseline 0.005 -19"><span class='ocrx_word' id='word_1_70' title='bbox 190 881 235 923; x_wconf 76' lang='lat' dir='ltr'>in</span> <span class='ocrx_word' id='word_1_71' title='bbox 264 893 349 922; x_wconf 83' lang='lat' dir='ltr'>aere</span> <span class='ocrx_word' id='word_1_72' title='bbox 377 882 507 936; x_wconf 88' lang='lat' dir='ltr'>quieto</span> <span class='ocrx_word' id='word_1_73' title='bbox 532 895 589 936; x_wconf 89' lang='lat' dir='ltr'>gr.</span> <span class='ocrx_word' id='word_1_74' title='bbox 617 895 720 935; x_wconf 85' lang='lat'>145.</span> <span class='ocrx_word' id='word_1_75' title='bbox 749 883 790 923; x_wconf 90' lang='lat' dir='ltr'>in</span> <span class='ocrx_word' id='word_1_76' title='bbox 817 884 939 925; x_wconf 85' lang='lat' dir='ltr'>libero</span> <span class='ocrx_word' id='word_1_77' title='bbox 965 893 1004 926; x_wconf 92' lang='lat' dir='ltr'>et</span> <span class='ocrx_word' id='word_1_78' title='bbox 1027 894 1148 927; x_wconf 83' lang='lat' dir='ltr'>vento</span> <span class='ocrx_word' id='word_1_79' title='bbox 1174 886 1307 942; x_wconf 84' lang='lat' dir='ltr'>expos.</span> <span class='ocrx_word' id='word_1_80' title='bbox 1329 900 1387 940; x_wconf 84' lang='lat' dir='ltr'>gr.</span> <span class='ocrx_word' id='word_1_81' title='bbox 1406 891 1499 940; x_wconf 86' lang='lat'>146</span> <span class='ocrx_word' id='word_1_82' title='bbox 1504 919 1513 929; x_wconf 84' lang='grc'><strong>.</strong></span> 
     </span>
     <span class='ocr_line' id='line_1_11' title="bbox 195 945 1008 1004; baseline 0.004 -14"><span class='ocrx_word' id='word_1_83' title='bbox 195 947 234 990; x_wconf 75' lang='lat' dir='ltr'>in</span> <span class='ocrx_word' id='word_1_84' title='bbox 266 945 344 988; x_wconf 81' lang='lat' dir='ltr'>sole</span> <span class='ocrx_word' id='word_1_85' title='bbox 376 959 432 1000; x_wconf 83' lang='lat' dir='ltr'>gr.</span> <span class='ocrx_word' id='word_1_86' title='bbox 471 959 578 998; x_wconf 80' lang='lat'>135.</span> <span class='ocrx_word' id='word_1_87' title='bbox 614 947 653 988; x_wconf 89' lang='lat' dir='ltr'>in</span> <span class='ocrx_word' id='word_1_88' title='bbox 687 961 782 1002; x_wconf 80' lang='lat' dir='ltr'>aqua</span> <span class='ocrx_word' id='word_1_89' title='bbox 815 963 873 1004; x_wconf 86' lang='lat' dir='ltr'>gr.</span> <span class='ocrx_word' id='word_1_90' title='bbox 911 962 1008 1001; x_wconf 85' lang='lat'>147.</span> 
     </span>
    </p>

    <p class='ocr_par' dir='ltr' id='par_1_4' title="bbox 339 1019 1512 1080">
     <span class='ocr_line' id='line_1_12' title="bbox 339 1019 1512 1080; baseline 0.007 -18"><span class='ocrx_word' id='word_1_91' title='bbox 339 1021 436 1064; x_wconf 87' lang='lat' dir='ltr'>NB.</span> <span class='ocrx_word' id='word_1_92' title='bbox 489 1019 591 1063; x_wconf 87' lang='lat' dir='ltr'>Cum</span> <span class='ocrx_word' id='word_1_93' title='bbox 625 1022 740 1064; x_wconf 87' lang='lat' dir='ltr'>hodie</span> <span class='ocrx_word' id='word_1_94' title='bbox 773 1025 812 1064; x_wconf 86' lang='lat' dir='ltr'>in</span> <span class='ocrx_word' id='word_1_95' title='bbox 845 1025 970 1079; x_wconf 75' lang='lat' dir='ltr'>platea</span> <span class='ocrx_word' id='word_1_96' title='bbox 1003 1024 1162 1067; x_wconf 80' lang='lat' dir='ltr'><strong>veheret</strong></span> <span class='ocrx_word' id='word_1_97' title='bbox 1201 1027 1322 1069; x_wconf 83' lang='lat' dir='ltr'>versus</span> <span class='ocrx_word' id='word_1_98' title='bbox 1363 1026 1512 1080; x_wconf 81' lang='lat' dir='ltr'>solem,</span> 
     </span>
    </p>
   </div>
   <div class='ocr_carea' id='block_1_4' title="bbox 194 1086 1516 1193">
    <p class='ocr_par' dir='ltr' id='par_1_5' title="bbox 194 1086 1516 1193">
     <span class='ocr_line' id='line_1_13' title="bbox 195 1086 1516 1150; baseline 0.007 -22"><span class='ocrx_word' id='word_1_99' title='bbox 195 1086 264 1128; x_wconf 88' lang='lat' dir='ltr'>ille</span> <span class='ocrx_word' id='word_1_100' title='bbox 315 1100 387 1130; x_wconf 21' lang='lat' dir='ltr'>*me</span> <span class='ocrx_word' id='word_1_101' title='bbox 436 1087 692 1130; x_wconf 72' lang='lat' dir='ltr'>vehementer</span> <span class='ocrx_word' id='word_1_102' title='bbox 742 1089 908 1143; x_wconf 61' lang='lat' dir='ltr'>nebat,</span> <span class='ocrx_word' id='word_1_103' title='bbox 973 1104 994 1132; x_wconf 82' lang='lat' dir='ltr'><strong>a</strong></span> <span class='ocrx_word' id='word_1_104' title='bbox 1036 1101 1146 1146; x_wconf 87' lang='lat' dir='ltr'>tergo</span> <span class='ocrx_word' id='word_1_105' title='bbox 1192 1102 1322 1135; x_wconf 86' lang='lat' dir='ltr'>autem</span> <span class='ocrx_word' id='word_1_106' title='bbox 1369 1095 1516 1150; x_wconf 79' lang='lat' dir='ltr'>grando</span> 
     </span>
     <span class='ocr_line' id='line_1_14' title="bbox 194 1152 363 1193; baseline 0.006 -1"><span class='ocrx_word' id='word_1_107' title='bbox 194 1152 363 1193; x_wconf 83' lang='lat' dir='ltr'><strong>cadebat.</strong></span> 
     </span>
    </p>
   </div>
   <div class='ocr_carea' id='block_1_5' title="bbox 193 1228 1518 1553">
    <p class='ocr_par' dir='ltr' id='par_1_6' title="bbox 197 1228 1518 1410">
     <span class='ocr_line' id='line_1_15' title="bbox 387 1228 1516 1285; baseline 0.002 -17"><span class='ocrx_word' id='word_1_108' title='bbox 387 1228 552 1270; x_wconf 85' lang='lat' dir='ltr'>Meridie</span> <span class='ocrx_word' id='word_1_109' title='bbox 588 1231 626 1270; x_wconf 87' lang='lat' dir='ltr'>in</span> <span class='ocrx_word' id='word_1_110' title='bbox 658 1243 750 1271; x_wconf 79' lang='lat' dir='ltr'>aere</span> <span class='ocrx_word' id='word_1_111' title='bbox 785 1230 915 1284; x_wconf 85' lang='lat' dir='ltr'>quieto</span> <span class='ocrx_word' id='word_1_112' title='bbox 952 1234 1059 1280; x_wconf 80' lang='lat'>138.</span> <span class='ocrx_word' id='word_1_113' title='bbox 1107 1230 1146 1270; x_wconf 92' lang='lat' dir='ltr'>in</span> <span class='ocrx_word' id='word_1_114' title='bbox 1180 1230 1304 1270; x_wconf 86' lang='lat' dir='ltr'>libero</span> <span class='ocrx_word' id='word_1_115' title='bbox 1339 1243 1423 1271; x_wconf 76' lang='lat' dir='ltr'>aere</span> <span class='ocrx_word' id='word_1_116' title='bbox 1456 1243 1516 1285; x_wconf 85' lang='lat' dir='ltr'>gr.</span> 
     </span>
     <span class='ocr_line' id='line_1_16' title="bbox 200 1292 1518 1347; baseline 0.003 -15"><span class='ocrx_word' id='word_1_117' title='bbox 200 1306 303 1343; x_wconf 85' lang='lat'><strong>139.</strong></span> <span class='ocrx_word' id='word_1_118' title='bbox 345 1293 384 1333; x_wconf 89' lang='lat' dir='ltr'>in</span> <span class='ocrx_word' id='word_1_119' title='bbox 417 1292 492 1334; x_wconf 87' lang='lat' dir='ltr'>sole</span> <span class='ocrx_word' id='word_1_120' title='bbox 526 1306 583 1347; x_wconf 88' lang='lat' dir='ltr'>gr.</span> <span class='ocrx_word' id='word_1_121' title='bbox 614 1308 717 1346; x_wconf 78' lang='lat'>129.</span> <span class='ocrx_word' id='word_1_122' title='bbox 748 1295 786 1335; x_wconf 85' lang='lat' dir='ltr'>in</span> <span class='ocrx_word' id='word_1_123' title='bbox 820 1307 910 1347; x_wconf 80' lang='lat' dir='ltr'>aqua</span> <span class='ocrx_word' id='word_1_124' title='bbox 945 1295 1134 1335; x_wconf 76' lang='lat' dir='ltr'>aestuante</span> <span class='ocrx_word' id='word_1_125' title='bbox 1170 1307 1191 1334; x_wconf 86' lang='lat' dir='ltr'>a</span> <span class='ocrx_word' id='word_1_126' title='bbox 1229 1303 1346 1335; x_wconf 83' lang='lat' dir='ltr'>vento</span> <span class='ocrx_word' id='word_1_127' title='bbox 1366 1294 1439 1336; x_wconf 89' lang='lat' dir='ltr'>W.</span> <span class='ocrx_word' id='word_1_128' title='bbox 1479 1305 1518 1336; x_wconf 89' lang='lat' dir='ltr'>et</span> 
     </span>
     <span class='ocr_line' id='line_1_17' title="bbox 197 1357 505 1410; baseline 0 -12"><span class='ocrx_word' id='word_1_129' title='bbox 197 1357 271 1398; x_wconf 76' lang='lat' dir='ltr'>alta</span> <span class='ocrx_word' id='word_1_130' title='bbox 307 1370 364 1410; x_wconf 87' lang='lat' dir='ltr'>gr.</span> <span class='ocrx_word' id='word_1_131' title='bbox 402 1363 505 1409; x_wconf 89' lang='lat'>146.</span> 
     </span>
    </p>

    <p class='ocr_par' dir='ltr' id='par_1_7' title="bbox 193 1430 1515 1553">
     <span class='ocr_line' id='line_1_18' title="bbox 383 1430 1507 1486; baseline 0.003 -15"><span class='ocrx_word' id='word_1_132' title='bbox 383 1431 471 1472; x_wconf 90' lang='lat' dir='ltr'>Post</span> <span class='ocrx_word' id='word_1_133' title='bbox 508 1432 681 1473; x_wconf 80' lang='lat' dir='ltr'>occasum</span> <span class='ocrx_word' id='word_1_134' title='bbox 705 1463 715 1483; x_wconf 87' lang='lat'>‚</span> <span class='ocrx_word' id='word_1_135' title='bbox 759 1431 901 1473; x_wconf 84' lang='lat' dir='ltr'>Ventus</span> <span class='ocrx_word' id='word_1_136' title='bbox 933 1430 1010 1472; x_wconf 89' lang='lat' dir='ltr'>W.</span> <span class='ocrx_word' id='word_1_137' title='bbox 1049 1431 1181 1473; x_wconf 84' lang='lat' dir='ltr'>definit</span> <span class='ocrx_word' id='word_1_138' title='bbox 1203 1463 1213 1482; x_wconf 80' lang='lat'>,</span> <span class='ocrx_word' id='word_1_139' title='bbox 1259 1431 1370 1486; x_wconf 82' lang='lat' dir='ltr'>surgit</span> <span class='ocrx_word' id='word_1_140' title='bbox 1403 1433 1507 1474; x_wconf 81' lang='lat' dir='ltr'>No.</span> 
     </span>
     <span class='ocr_line' id='line_1_19' title="bbox 193 1495 1515 1553; baseline 0.003 -17"><span class='ocrx_word' id='word_1_141' title='bbox 193 1495 431 1537; x_wconf 83' lang='lat' dir='ltr'>Thermom.</span> <span class='ocrx_word' id='word_1_142' title='bbox 462 1497 501 1538; x_wconf 86' lang='lat' dir='ltr'>in</span> <span class='ocrx_word' id='word_1_143' title='bbox 535 1510 619 1539; x_wconf 77' lang='lat' dir='ltr'>aere</span> <span class='ocrx_word' id='word_1_144' title='bbox 652 1498 782 1552; x_wconf 84' lang='lat' dir='ltr'>quieto</span> <span class='ocrx_word' id='word_1_145' title='bbox 816 1511 874 1552; x_wconf 78' lang='lat' dir='ltr'>gr.</span> <span class='ocrx_word' id='word_1_146' title='bbox 911 1508 1016 1549; x_wconf 71' lang='lat'>145,</span> <span class='ocrx_word' id='word_1_147' title='bbox 1054 1497 1092 1538; x_wconf 87' lang='lat' dir='ltr'>in</span> <span class='ocrx_word' id='word_1_148' title='bbox 1125 1510 1220 1552; x_wconf 81' lang='lat' dir='ltr'>aqua</span> <span class='ocrx_word' id='word_1_149' title='bbox 1251 1498 1333 1539; x_wconf 62' lang='lat' dir='ltr'>stitis</span> <span class='ocrx_word' id='word_1_150' title='bbox 1368 1498 1515 1553; x_wconf 76' lang='lat' dir='ltr'>placida</span> 
     </span>
    </p>
   </div>
   <div class='ocr_carea' id='block_1_6' title="bbox 193 1566 394 1617">
    <p class='ocr_par' dir='ltr' id='par_1_8' title="bbox 193 1566 394 1617">
     <span class='ocr_line' id='line_1_20' title="bbox 193 1566 394 1617; baseline 0.01 -16"><span class='ocrx_word' id='word_1_151' title='bbox 193 1574 250 1617; x_wconf 82' lang='lat' dir='ltr'>gr.</span> <span class='ocrx_word' id='word_1_152' title='bbox 290 1566 379 1614; x_wconf 71' lang='lat'>146</span> <span class='ocrx_word' id='word_1_153' title='bbox 387 1595 394 1603; x_wconf 90' lang='lat'><em>.</em></span> 
     </span>
    </p>
   </div>
   <div class='ocr_carea' id='block_1_7' title="bbox 193 1671 1512 2206">
    <p class='ocr_par' dir='ltr' id='par_1_9' title="bbox 193 1671 1512 1921">
     <span class='ocr_line' id='line_1_21' title="bbox 309 1671 1512 1726; baseline 0.002 -13"><span class='ocrx_word' id='word_1_154' title='bbox 309 1671 366 1713; x_wconf 90' lang='lat' dir='ltr'>D.</span> <span class='ocrx_word' id='word_1_155' title='bbox 404 1685 446 1722; x_wconf 89' lang='lat'>7.</span> <span class='ocrx_word' id='word_1_156' title='bbox 483 1673 594 1716; x_wconf 76' lang='lat' dir='ltr'>Maii.</span> <span class='ocrx_word' id='word_1_157' title='bbox 631 1673 782 1726; x_wconf 81' lang='lat' dir='ltr'>Mane,</span> <span class='ocrx_word' id='word_1_158' title='bbox 826 1682 959 1715; x_wconf 75' lang='lat' dir='ltr'>ventus</span> <span class='ocrx_word' id='word_1_159' title='bbox 994 1672 1128 1717; x_wconf 78' lang='lat' dir='ltr'>nullus.</span> <span class='ocrx_word' id='word_1_160' title='bbox 1194 1674 1436 1717; x_wconf 85' lang='lat' dir='ltr'>Thermom.</span> <span class='ocrx_word' id='word_1_161' title='bbox 1474 1675 1512 1716; x_wconf 87' lang='lat' dir='ltr'>in</span> 
     </span>
     <span class='ocr_line' id='line_1_22' title="bbox 193 1737 1511 1792; baseline 0.002 -16"><span class='ocrx_word' id='word_1_162' title='bbox 193 1748 279 1776; x_wconf 75' lang='lat' dir='ltr'>aere</span> <span class='ocrx_word' id='word_1_163' title='bbox 315 1737 443 1791; x_wconf 75' lang='lat' dir='ltr'>quieto</span> <span class='ocrx_word' id='word_1_164' title='bbox 477 1752 534 1792; x_wconf 84' lang='lat' dir='ltr'>gr.</span> <span class='ocrx_word' id='word_1_165' title='bbox 570 1752 668 1792; x_wconf 83' lang='lat'><em>142.</em></span> <span class='ocrx_word' id='word_1_166' title='bbox 708 1741 747 1781; x_wconf 88' lang='lat' dir='ltr'>in</span> <span class='ocrx_word' id='word_1_167' title='bbox 780 1739 927 1789; x_wconf 87' lang='lat' dir='ltr'>libero,</span> <span class='ocrx_word' id='word_1_168' title='bbox 967 1738 1262 1792; x_wconf 76' lang='lat' dir='ltr'>septentrionem</span> <span class='ocrx_word' id='word_1_169' title='bbox 1302 1741 1422 1779; x_wconf 80' lang='lat' dir='ltr'>versus</span> <span class='ocrx_word' id='word_1_170' title='bbox 1455 1752 1511 1792; x_wconf 86' lang='lat' dir='ltr'>gr.</span> 
     </span>
     <span class='ocr_line' id='line_1_23' title="bbox 202 1802 1511 1859; baseline 0.004 -20"><span class='ocrx_word' id='word_1_171' title='bbox 202 1815 308 1852; x_wconf 78' lang='lat'>144.</span> <span class='ocrx_word' id='word_1_172' title='bbox 365 1802 402 1841; x_wconf 92' lang='lat' dir='ltr'>in</span> <span class='ocrx_word' id='word_1_173' title='bbox 439 1817 532 1857; x_wconf 79' lang='lat' dir='ltr'>aqua</span> <span class='ocrx_word' id='word_1_174' title='bbox 566 1817 621 1857; x_wconf 83' lang='lat' dir='ltr'>gr.</span> <span class='ocrx_word' id='word_1_175' title='bbox 659 1817 762 1858; x_wconf 89' lang='lat'>147.</span> <span class='ocrx_word' id='word_1_176' title='bbox 818 1806 857 1845; x_wconf 87' lang='lat' dir='ltr'>in</span> <span class='ocrx_word' id='word_1_177' title='bbox 890 1804 966 1845; x_wconf 85' lang='lat' dir='ltr'>sole</span> <span class='ocrx_word' id='word_1_178' title='bbox 1000 1817 1068 1859; x_wconf 83' lang='lat' dir='ltr'>per</span> <span class='ocrx_word' id='word_1_179' title='bbox 1102 1803 1299 1844; x_wconf 77' lang='lat' dir='ltr'>nubeculas</span> <span class='ocrx_word' id='word_1_180' title='bbox 1332 1805 1399 1845; x_wconf 71' lang='lat' dir='ltr'>vix</span> <span class='ocrx_word' id='word_1_181' title='bbox 1434 1817 1511 1844; x_wconf 87' lang='lat' dir='ltr'>non</span> 
     </span>
     <span class='ocr_line' id='line_1_24' title="bbox 193 1876 672 1921; baseline 0.008 -15"><span class='ocrx_word' id='word_1_182' title='bbox 193 1876 441 1921; x_wconf 72' lang='lat' dir='ltr'>transparente</span> <span class='ocrx_word' id='word_1_183' title='bbox 474 1882 530 1921; x_wconf 82' lang='lat' dir='ltr'>gr.</span> <span class='ocrx_word' id='word_1_184' title='bbox 568 1883 672 1919; x_wconf 79' lang='lat'><strong>132.</strong></span> 
     </span>
    </p>

    <p class='ocr_par' dir='ltr' id='par_1_10' title="bbox 193 1942 1510 2130">
     <span class='ocr_line' id='line_1_25' title="bbox 396 1942 1507 2000; baseline 0.002 -18"><span class='ocrx_word' id='word_1_185' title='bbox 396 1942 561 1983; x_wconf 83' lang='lat' dir='ltr'>Meridie</span> <span class='ocrx_word' id='word_1_186' title='bbox 604 1945 643 1984; x_wconf 91' lang='lat' dir='ltr'>in</span> <span class='ocrx_word' id='word_1_187' title='bbox 687 1958 770 1985; x_wconf 81' lang='lat' dir='ltr'>aere</span> <span class='ocrx_word' id='word_1_188' title='bbox 810 1946 940 1999; x_wconf 87' lang='lat' dir='ltr'>quieto</span> <span class='ocrx_word' id='word_1_189' title='bbox 1006 1945 1146 1995; x_wconf 81' lang='lat' dir='ltr'>(vento</span> <span class='ocrx_word' id='word_1_190' title='bbox 1190 1942 1307 1984; x_wconf 83' lang='lat' dir='ltr'>SW.</span> <span class='ocrx_word' id='word_1_191' title='bbox 1357 1947 1507 2000; x_wconf 80' lang='lat' dir='ltr'>pauco)</span> 
     </span>
     <span class='ocr_line' id='line_1_26' title="bbox 193 2004 1510 2066; baseline 0.004 -20"><span class='ocrx_word' id='word_1_192' title='bbox 193 2004 233 2046; x_wconf 82' lang='lat' dir='ltr'>T</span> <span class='ocrx_word' id='word_1_193' title='bbox 237 2005 361 2047; x_wconf 79' lang='lat' dir='ltr'>herm.</span> <span class='ocrx_word' id='word_1_194' title='bbox 394 2021 451 2062; x_wconf 83' lang='lat' dir='ltr'>gr.</span> <span class='ocrx_word' id='word_1_195' title='bbox 488 2020 589 2058; x_wconf 80' lang='lat'>127.</span> <span class='ocrx_word' id='word_1_196' title='bbox 626 2010 663 2049; x_wconf 91' lang='lat' dir='ltr'>in</span> <span class='ocrx_word' id='word_1_197' title='bbox 697 2023 782 2050; x_wconf 74' lang='lat' dir='ltr'>aere</span> <span class='ocrx_word' id='word_1_198' title='bbox 814 2010 1092 2065; x_wconf 80' lang='lat' dir='ltr'>septentrionali</span> <span class='ocrx_word' id='word_1_199' title='bbox 1121 2023 1179 2065; x_wconf 81' lang='lat' dir='ltr'>gr.</span> <span class='ocrx_word' id='word_1_200' title='bbox 1208 2021 1310 2060; x_wconf 85' lang='lat'><strong>137.</strong></span> <span class='ocrx_word' id='word_1_201' title='bbox 1350 2011 1387 2053; x_wconf 88' lang='lat' dir='ltr'>in</span> <span class='ocrx_word' id='word_1_202' title='bbox 1417 2023 1510 2066; x_wconf 81' lang='lat' dir='ltr'>aqua</span> 
     </span>
     <span class='ocr_line' id='line_1_27' title="bbox 194 2073 842 2130; baseline 0.005 -19"><span class='ocrx_word' id='word_1_203' title='bbox 194 2084 249 2126; x_wconf 74' lang='lat' dir='ltr'>gr.</span> <span class='ocrx_word' id='word_1_204' title='bbox 285 2075 422 2130; x_wconf 45' lang='lat'>1463.</span> <span class='ocrx_word' id='word_1_205' title='bbox 458 2074 497 2112; x_wconf 85' lang='lat' dir='ltr'>in</span> <span class='ocrx_word' id='word_1_206' title='bbox 533 2073 606 2114; x_wconf 89' lang='lat' dir='ltr'>sole</span> <span class='ocrx_word' id='word_1_207' title='bbox 639 2088 696 2128; x_wconf 85' lang='lat' dir='ltr'>gr.</span> <span class='ocrx_word' id='word_1_208' title='bbox 738 2087 842 2125; x_wconf 80' lang='lat'>117.</span> 
     </span>
    </p>

    <p class='ocr_par' dir='ltr' id='par_1_11' title="bbox 385 2149 1463 2206">
     <span class='ocr_line' id='line_1_28' title="bbox 385 2149 1463 2206; baseline 0.001 -17"><span class='ocrx_word' id='word_1_209' title='bbox 385 2149 543 2206; x_wconf 70' lang='lat' dir='ltr'>Vesperi</span> <span class='ocrx_word' id='word_1_210' title='bbox 575 2151 617 2192; x_wconf 87' lang='lat' dir='ltr'>in</span> <span class='ocrx_word' id='word_1_211' title='bbox 651 2163 737 2192; x_wconf 81' lang='lat' dir='ltr'>aere</span> <span class='ocrx_word' id='word_1_212' title='bbox 769 2151 891 2192; x_wconf 85' lang='lat' dir='ltr'>libero</span> <span class='ocrx_word' id='word_1_213' title='bbox 925 2163 980 2205; x_wconf 87' lang='lat' dir='ltr'>gr.</span> <span class='ocrx_word' id='word_1_214' title='bbox 1018 2152 1123 2204; x_wconf 75' lang='lat'>140‘.</span> <span class='ocrx_word' id='word_1_215' title='bbox 1157 2151 1197 2193; x_wconf 83' lang='lat' dir='ltr'>in</span> <span class='ocrx_word' id='word_1_216' title='bbox 1229 2163 1321 2206; x_wconf 78' lang='lat' dir='ltr'>aqua</span> <span class='ocrx_word' id='word_1_217' title='bbox 1359 2162 1463 2201; x_wconf 86' lang='lat'>147.</span> 
     </span>
    </p>
   </div>
   <div class='ocr_carea' id='block_1_8' title="bbox 831 2232 1503 2277">
    <p class='ocr_par' dir='ltr' id='par_1_12' title="bbox 831 2232 1503 2277">
     <span class='ocr_line' id='line_1_29' title="bbox 831 2232 1503 2277; baseline 0 -2"><span class='ocrx_word' id='word_1_218' title='bbox 831 2232 886 2277; x_wconf 83' lang='lat' dir='ltr'>Ii</span> <span class='ocrx_word' id='word_1_219' title='bbox 925 2247 949 2275; x_wconf 83' lang='lat'>2</span> <span class='ocrx_word' id='word_1_220' title='bbox 1363 2232 1418 2277; x_wconf 88' lang='lat' dir='ltr'>D.</span> <span class='ocrx_word' id='word_1_221' title='bbox 1462 2236 1503 2275; x_wconf 84' lang='lat'>8.</span> 
     </span>
    </p>
   </div>
  </div>
 </body>
</html>
