2014 2761
616 193 731 247 ”Q
795 198 810 248 )
851 197 930 248 ο(
983 195 1113 254 ἑῐάω
1438 199 1500 246 67

271 380 596 456 MOTV
634 383 762 456 PL
781 385 841 455 A
860 384 1247 458 NETAR
1269 384 1422 459 VM

188 526 690 589 ORBITARVM
708 526 1502 591 DETERMINATIONE

720 615 965 653 AVCTORE

621 672 814 736 Leonh.
854 674 1071 737 Eulem

779 835 812 884 ξ.
854 846 891 873 1.

183 902 420 1080 CVm
454 929 535 972 hoc
573 940 756 986 tempore
789 929 876 971 satis
909 929 1088 982 constet,
1125 929 1300 986 planetas
1336 931 1377 972 in
1403 930 1495 975 elli—
1530 943 1704 981 ‘rabulam

368 997 492 1051 pssbus
528 998 708 1047 moueri,
753 996 792 1035 in
842 1008 1005 1049 quarum
1053 995 1180 1037 altero
1223 996 1316 1037 foco
1357 996 1413 1037 sol
1456 998 1500 1040 fit

367 1062 536 1116 pofitus,
572 1071 806 1115 motumque
825 1061 879 1101 ita
900 1058 977 1100 esse
996 1071 1291 1115 comparatum,
1328 1072 1372 1103 vt
1393 1072 1500 1104 tem-

179 1139 281 1180 pora
300 1128 399 1168 areis
419 1128 518 1167 circa
539 1125 662 1168 solem
684 1125 887 1180 descriptis
905 1125 980 1166 smt
998 1126 1338 1180 proportionalia;
1377 1140 1500 1180 quae-

180 1191 258 1231 stio
291 1191 340 1231 de
373 1201 488 1232 motu
522 1192 768 1245 planetarum
802 1191 953 1245 duplex
985 1192 1138 1244 oritur,
1172 1204 1338 1246 quarum
1375 1192 1498 1234 altera

182 1255 413 1308 qualitatem
448 1255 615 1307 ellipfis,
652 1256 892 1308 pofitionem
934 1255 1111 1295 abfidum
1154 1256 1299 1296 scilicet
1337 1265 1378 1294 et
1422 1268 1499 1298 ex-

182 1319 467 1360 contricitatem
500 1318 688 1370 requirit,
722 1317 843 1357 altera
878 1329 976 1356 vero
997 1318 1112 1370 ipfius
1131 1318 1313 1371 planetae
1335 1327 1495 1361 motum

183 1384 224 1421 in
258 1381 319 1420 sua
353 1381 496 1419 orbita.
569 1381 787 1431 Vtramque
823 1380 922 1418 hanc
957 1381 1223 1431 quaestionem
1245 1382 1308 1422 hic
1330 1383 1497 1424 euolue-

180 1458 250 1496 re,
283 1454 324 1484 et
359 1454 547 1498 quantum
592 1442 731 1484 calculi
773 1440 983 1483 difficultas
1025 1452 1255 1497 permutet,
1300 1445 1496 1489 resoluere

178 1510 368 1552 §on-abor.

292 1640 329 1689 ξ.
369 1652 408 1679 2.
442 1638 623 1680 Primum
655 1640 816 1693 quidem
848 1639 1020 1679 orbitam
1056 1638 1236 1693 planetae
1257 1653 1332 1695 pro
1352 1643 1491 1697 cogni·
1535 1653 1599 1692 Fig;
1622 1653 1652 1687 x.‘

174 1715 215 1746 {a
247 1703 426 1755 habebo,
463 1715 577 1758 atque
613 1715 771 1745 motum
807 1705 986 1758 planetae
1021 1705 1059 1743 in
1094 1717 1139 1744 ea
1171 1705 1338 1746 definire
1359 1708 1492 1749 stude-

180 1771 248 1810 bo.
286 1767 348 1809 Sit
365 1768 481 1821 igitur
501 1767 636 1810 ΑΗΒ
657 1767 815 1809 semiffis
836 1768 989 1808 orbitae
1011 1768 1189 1822 planetae
1211 1770 1410 1811 cuiusdam
1433 1772 1486 1825 P,

176 1835 283 1876 cuius
302 1833 397 1873 abfis
423 1831 570 1874 summa
591 1833 652 1874 seu
681 1833 871 1887 aphelion
899 1833 942 1873 fit
961 1833 999 1872 in
1021 1833 1085 1881 A,
1118 1833 1367 1887 periphelion
1389 1848 1488 1878 vero

177 1900 219 1940 in
253 1896 310 1945 B,
346 1905 459 1950 atque
493 1896 548 1938 sol
581 1898 624 1938 fit
658 1898 697 1937 in
731 1898 822 1938 foco
856 1897 997 1950 ellipsls
1028 1896 1054 1938 S
1087 1897 1241 1951 pofitus.
1310 1897 1373 1939 Sit
1391 1912 1487 1953 por-

177 1977 225 2005 ro
259 1963 294 2005 C
330 1971 509 2009 centrum
538 1962 715 2012 orbitae,
748 1973 788 2001 et
808 1973 975 2015 ponatur
997 1961 1178 2002 semiaxis
1211 1960 1296 2003 AC
1318 1963 1384 2004 vel
1404 1962 1484 2005 BC

177 2041 296 2079 za,
330 2025 506 2066 distantia
540 2025 619 2066 foci
653 2025 678 2066 S
713 2039 733 2065 a
769 2036 907 2067 centro
942 2023 976 2065 C
1010 2025 1071 2065 seu
1107 2028 1383 2069 excentricitas
1411 2026 1484 2071 CS

177 2093 290 2144 Σὺ,
326 2092 400 2131 erit
426 2089 609 2130 semiaxis
642 2091 868 2144 coniugatus
910 2086 1333 2142 CD2V(a2-b2).
1403 2094 1485 2134 Po·-

176 2169 315 2203 namus
346 2167 446 2197 nunc
481 2155 682 2209 planetam
715 2167 767 2196 ex
800 2155 964 2209 aphelio
998 2156 1037 2197 A
1083 2156 1298 2211 peruenisse
1343 2158 1382 2197 in
1427 2157 1481 2209 P,

792 2219 812 2260 Ι
835 2232 858 2258 2
1365 2221 1482 2263 hinc-
